2502 3432
269 157 365 216 22
525 156 647 214 «Du
685 150 1293 218 TELLURIBUS
1344 176 1421 219 -IN
1475 156 1997 222 UNIVER'SO.

276 282 423 331 forma
449 282 606 332 ultima
631 283 835 342 naturali,
861 279 1126 334 110113111οω
1149 300 1256 334 curn
1281 302 1332 335 os
1348 285 1554 352 loquitur
1578 284 1656 352 per
1680 304 1827 338 voces.
1847 286 1852 291 “
1898 287 2106 353 Quisque
2128 292 2261 341 etiam

265 350 657 412 comprehendere
689 350 851 415 potest,
889 353 1018 414 quod
1045 351 1220 415 loquela
1242 368 1412 401 vocum
1445 370 1539 403 non
1576 357 1773 417 potuerit
1809 355 1890 403 effe
1910 357 2260 420 Antiquiflimis,

276 417 494 476 quoniam
516 430 652 464 voces
677 417 880 480 Linguae
915 433 1007 465 non
1034 419 1133 466 sunt
1172 419 1431 468 immediate
1465 418 1638 477 infusae,
1664 421 1749 470 sed
1785 423 2065 469 inveniendae
2096 422 2162 470 δε.
2183 436 2264 486 ap·-

235 494 238 497 ⁴
262 482 650 545 plicandaerebus
673 505 687 538 ;
728 483 854 546 quod
880 474 970 531 non
995 484 1088 530 fieri
1115 485 1191 531 nisi
1227 485 1417 533 succeffu
1440 489 1657 549 temporis
1681 490 1830 551 potuit
1853 489 1951 548 (z).
2023 489 2261 546 Quamdiu

262 547 494 595 'sincerum
532 550 581 596 &
617 550 789 596 rectum
813 548 899 596 fuit
936 550 1057 614 apud
1083 550 1332 608 hominem,
1374 552 1549 599 tamdiu
1572 554 1706 600 etiam
1731 554 1830 601 talis
1856 554 2032 617 loquela
2053 567 2264 618 perman-

275 612 360 669 sit-3
403 614 473 660 sed
498 616 774 677 ut‘primum
811 631 939 662 mens
962 615 1081 663 aliud
1106 617 1301 679 cogitare
1334 619 1470 680 caepit
1503 619 1553 667 δι
1591 619 1711 666 aliud
1738 619 1881 683 loqui,
1925 620 2053 682 quod
2086 618 2256 668 factum

260 693 380 725 ¹cum
407 679 550 728 homo
573 681 612 727 se
635 682 771 744 caepit
791 696 938 727 amare
963 683 1008 728 &
1036 697 1127 727 non
1151 682 1434 744 proximum,
1461 694 1568 730 tunc
1590 684 1767 747 loquela
1783 700 1956 732 vocum
1982 686 2257 733 incrementa

273 746 408 807 cepit,
451 746 599 793 filente
623 746 695 792 vel
720 747 963 792 mentiente
987 744 1126 801 facie3
1164 747 1268 794 inde
1291 750 1462 794 interna
1494 745 1621 795 faciei
1654 748 1798 796 forma
1822 763 1992 798 mutata
2025 752 2105 808 est,
2147 766 2256 799 con-

272 813 406 857 traxit
428 810 484 867 se,
526 811 746 867 induruit,
783 812 829 857 &
856 826 984 874 paene
1007 812 1117 858 vitae
1150 827 1306 875 expers
1330 815 1466 877 caepit
1490 813 1600 869 fieri,
1634 827 1679 860 at
1701 828 1881 863 externa
1913 832 1970 863 ex
1991 818 2096 878 igne
2130 833 2258 864 amo·

271 878 330 922 ris
355 876 416 922 sui
459 877 734 924 inflammata
769 876 878 923 ficut
902 879 1006 924 viva
1028 893 1179 924 coram
1206 879 1348 925 oculis
1383 872 1819 928 hominum-videri:
1866 897 1968 928 nam
1992 885 2101 929 vitae
2136 883 2250 930 illud

271 957 429 1005 expers
452 942 578 1006 quod
606 942 763 998 subest,
808 959 897 1004 non
937 957 1309 1007 apparet-coram
1346 945 1486 992 oculis
1510 946 1766 1003 hominum,
1805 944 1877 992 sed
1916 963 2066 994 coram
2108 949 2250 994 oculis

267 1009 553 1071 angelorum,
595 1011 810 1072 quoniam
836 1009 880 1055 hi
902 1011 1060 1057 vident
1092 1011 1311 1058 interiora.
1381 1011 1514 1058 Tales
1538 1010 1638 1059 sunt
1661 1011 1791 1059 facies
1826 1012 2007 1059 illorum
2032 1014 2110 1075 qui
2134 1014 2255 1060 aliud

268 1077 472 1137 cogitant
495 1076 544 1122 δι
567 1075 689 1122 aliud
714 1075 962 1138 loquuntur
983 1098 997 1131 3
1037 1074 1262 1123 fimulatio
1297 1077 1435 1132 enim,
1462 1077 1722 1140 hypocrifis,
1763 1076 1879 1124 astus
1903 1080 1950 1125 ὅτ
1975 1078 2123 1134 doluS,
2149 1093 2254 1142 quae

268 1140 482 1188 hodierna
512 1141 749 1205 prudentia
771 1140 888 1198 sunt,
913 1141 1016 1189 talia
1045 1141 1282 1189 inducunt.
1354 1142 1440 1188 Sed
1465 1143 1590 1189 aliter
1613 1143 1654 1190 se
1677 1159 1742 1190 res
1767 1142 1896 1190 habet
1919 1144 1964 1190 in
1989 1144 2122 1190 altera
2144 1146 2252 1199 vita,

268 1206 329 1252 ibi
372 1222 463 1254 non
486 1207 590 1254 licet
623 1207 749 1254 aliter
783 1207 909 1270 loqui
936 1208 997 1255 v&
1029 1207 1160 1255 aliter
1193 1209 1427 1270 cogitares
1474 1208 1721 1255 diffidentia
1752 1209 1886 1255 etiam
1918 1208 1980 1255 ibi
2009 1208 2256 1256 luculenter

268 1273 517 1335 percipitur
556 1274 602 1320 in
637 1275 885 1335 unaquav-ip
906 1288 1055 1328 voce.·,
1087 1274 1144 1320 δε
1172 1289 1290 1319 -cum
1324 1275 1587 1336 percipitur,
1628 1272 1802 1336 ejicitur
1841 1273 2035 1336 spiritus,
2075 1275 2122 1320 in
2159 1289 2254 1336 quo

265 1338 365 1385 talis
387 1339 651 1394 diffidentia,
688 1355 713 1385 e
733 1337 978 1390 consortio,
1014 1338 1364 1391 &muletarum
1410 1336 1561 1400 postea
1592 1340 1814 1400 redigitur
1845 1339 1976 1384 variis
2011 1339 2158 1385 modis
2195 1340 2253 1387 ad

264 1403 545 1466 loquendum
570 1403 682 1450 ficut
704 1403 895 1466 cogitat,
919 1402 984 1449 1&
1007 1403 1062 1449 ad
1087 1403 1383 1465 cogitandum
1410 1403 1522 1449 ficut
1545 1404 1663 1459 vult,
1707 1404 1844 1467 usque
1865 1415 1917 1450 ut
1940 1420 2027 1450 una
2057 1406 2096 1450 ei
2125 1420 2251 1452 mens

263 1468 334 1525 fit,
375 1470 426 1516 ὅτ
463 1485 555 1517 11οη
580 1468 753 1524 divisa3
801 1468 834 1515 fi
859 1468 1002 1515 bonus
1038 1481 1090 1515 ut
1114 1468 1286 1515 bonum
1311 1468 1437 1524 velit,
1477 1470 1526 1516 δε
1551 1484 1710 1516 verum
1749 1486 1806 1516 ex
1839 1469 1960 1517 bono
1998 1471 2168 1533 cogitet
2200 1472 2250 1519 &

261 1534 490 1599 loquatur,
514 1537 563 1584 &
589 1535 621 1583 fi
647 1535 867 1582 malus=ut
893 1534 1066 1581 malum
1090 1534 1200 1581 velit
1223 1536 1271 1582 δε
1295 1532 1454 1582 falsum
1495 1551 1550 1581 ex
1576 1536 1695 1582 malo
1719 1536 1894 1598 cogitet
1931 1537 1980 1583 ὅτ
2006 1536 2215 1599 loquatur
2233 1558 2250 1593 3

262 1600 407 1647 bonus
432 1617 521 1648 non
547 1604 672 1664 prius
696 1600 938 1648 incoelum
961 1602 1174 1655 elevatur,
1219 1615 1270 1645 ac
1294 1601 1439 1645 malus
1465 1615 1545 1645 nec
1569 1603 1693 1661 prius
1728 1602 1775 1646 in
1815 1600 2040 1647 infernum
2065 1600 2250 1664 conjici-

262 1679 366 1721 tur;
413 1667 462 1713 δε
488 1667 572 1713 hoc
596 1667 657 1713 ob
679 1666 837 1721 finem,
853 1679 915 1712 vut
939 1666 984 1711 in
1008 1663 1183 1711 inferno
1206 1680 1297 1710 non
1323 1665 1375 1709 fit
1399 1663 1476 1710 nifi
1501 1680 1637 1727 quam
1664 1665 1838 1712 malum
1864 1681 1913 1712 ac
1938 1664 2096 1712 falsum
2123 1667 2248 1724 mali,

260 1748 310 1780 ac
334 1733 379 1778 in
403 1732 526 1779 coelo
550 1749 640 1779 non
666 1732 718 1778 sit
742 1730 822 1778 nifi
844 1746 982 1793 quam
1006 1733 1179 1776 bonum
1205 1730 1252 1775 δε
1278 1745 1437 1775 verum
1463 1729 1584 1776 boni.

327 1815 406 1861 55.
444 1798 590 1846 Porro
610 1815 636 1844 a
658 1796 916 1861 SpiritibuS,
954 1796 1034 1858 qui
1069 1810 1126 1841 ex
1158 1795 1231 1841 illa
1253 1795 1452 1850 Tellure,
1494 1795 1761 1843 informatus
1785 1795 1883 1844 sum
1905 1797 1962 1844 de
1985 1796 2117 1843 variis
2136 1812 2246 1860 quae

259 1865 384 1927 apud
405 1864 570 1912 incolas
593 1864 672 1920 ibi,
712 1876 765 1909 ut
786 1862 843 1909 de
865 1877 1022 1909 eorum
1045 1861 1222 1918 Greffu‚
1263 1861 1320 1907 de
1343 1861 1486 1917 Cibis,
1523 1862 1572 1908 δε
1596 1863 1867 1909 Domiciliis.
1937 1863 2084 1925 Qod
2107 1863 2243 1910 Gres·

259 1929 357 1977 sum
397 1946 556 1977 eorum
586 1929 832 1985 concernit,
871 1943 962 1975 non
996 1927 1229 1974 ambulant
1265 1927 1414 1982 erecti,
1470 1927 1581 1974 ficut
1618 1928 1782 1975 incolae
1815 1925 1948 1992 huj-us
1983 1929 2152 1975 telluris
2190 1930 2246 1977 &

257 1996 460 2058 plurium
503 1997 709 2052 aliarum,
745 2010 826 2043 nec
866 2005 1029 2057 repunt
1070 2009 1196 2040 more
1234 1993 1513 2049 animalium,
1555 1991 1627 2040 sed
1653 2008 1760 2040 cum
1795 1994 2077 2056 gradiuntur,
2113 1992 2244 2056 adju·

257 2074 368 2109 vant
406 2061 448 2110 se
484 2063 664 2126 palmis,
705 2062 754 2109 ὅτ
791 2060 969 2108 alternis
1015 2059 1189 2106 vicibus
1224 2059 1287 2106 -ad
1328 2058 1575 2106 dimidium
1607 2058 1737 2122 super
1775 2059 1911 2121 pedes
1950 2058 2144 2114 elevant,
2191 2062 2242 2107 δε

255 2143 439 2191 quoque
463 2130 508 2176 in
538 2126 802 2192 vgradiendo
834 2126 997 2190 quovis
1037 2125 1170 2173 tertio
1208 2125 1328 2189 passu
1364 2123 1473 2172 facie
1505 2123 1703 2187 spectant
1740 2125 1797 2171 ad
1835 2125 1948 2171 latus
1972 2125 2019 2171 δι.
2046 2123 2146 2186 post
2183 2125 2241 2181 se,

242 2194 309 2240 t&
332 2205 439 2241 tunc
468 2195 603 2243 etiarn
634 2193 822 2258 paulum
847 2192 1079 2239 inflectunt
1111 2206 1292 2255 corpus,
1331 2190 1457 2254 quod
1496 2190 1550 2237 fit
1583 2181 1799 2253 erente3
1846 2206 1950 2237 nam
1981 2190 2100 2252 apud
2140 2190 2239 2238 illos

243 2258 524 2308 »indecorum
556 2259 619 2308 est
651 2260 707 2307 ab
739 2259 834 2307 aliis
873 2257 1054 2322 spectari
1083 2273 1221 2321 quam
1255 2273 1280 2304 a
1320 2255 1444 2304 facie.
1515 2258 1638 2303 Cum
1675 2257 1734 2303 ita
1771 2256 2020 2312 ambulant,
2068 2255 2240 2319 semper

257 2336 408 2374 tenent
429 2324 592 2372 faciem
615 2326 854 2380 elevatam,
891 2337 943 2371 ut
972 2324 1093 2388 apud
1118 2339 1216 2378 nos,
1257 2334 1309 2368 ut
1332 2322 1390 2368 sic
1413 2321 1608 2384 spectent
1640 2324 1774 2369 etiam
1797 2322 1971 2368 coelum
2007 2336 2115 2368 cum
2152 2335 2255 2367 ter-·

255 2406 384 2446 ram3
425 2407 517 2438 non
541 2390 774 2438 demiffam
798 2400 951 2436 tenent
975 2400 1026 2435 ut
1049 2387 1245 2450 spectent
1268 2399 1450 2443 terram,
1479 2387 1572 2433 hoc
1599 2399 1760 2434 vocant
1782 2386 2046 2433 damnatum
2066 2409 2080 2441 ς
2120 2385 2240 2432 vilis-

253 2456 352 2504 fimi
390 2457 513 2520 apud
551 2457 651 2504 illos
690 2457 749 2502 ita
778 2453 964 2510 faciunt,
1008 2454 1090 2517 qui
1129 2452 1159 2500 fi
1186 2469 1276 2501 non
1300 2452 1541 2500 affuescunt
1563 2451 1732 2499 elevare
1766 2450 1944 2509 faciem,
1985 2468 2010 2498 e
2034 2450 2238 2500 societate

233 2522 435 2583 Aliorum
470 2524 836 2570 exterminantur.
904 2521 1030 2567 Cum
1060 2531 1210 2566 autem
1247 2518 1414 2575 sedent,
1456 2530 1666 2581 apparent
1696 2518 1813 2577 <rut
1848 2518 2053 2565 homines
2077 2517 2238 2565 nostrae

238 2589 423 2637 telluris
470 2588 622 2652 quoad
668 2587 940 2651 superiorem
994 2599 1167 2648 partem
1215 2586 1414 2648 corporis
1452 2584 1602 2638 erecti,
1662 2582 1734 2630 sed
1781 2583 1931 2631 sedent
1975 2583 2233 2631 decussatim

251 2657 401 2715 quoad
442 2656 602 2718 pedes:
650 2654 1032 2708 sollicitecavent,
1074 2667 1165 2697 non
1213 2651 1356 2698 modo
1400 2665 1506 2697 cum
1553 2648 1803 2705 ambulant,
1848 2649 1921 2696 sed
1951 2651 2082 2697 etiam
2125 2663 2233 2696 cum

253 2719 419 2776 sedent,
451 2738 506 2768 ne
545 2721 796 2784 spectentur
835 2735 859 2765 a
883 2731 1029 2780 tergo,
1056 2716 1144 2763 -sed
1183 2733 1207 2764 a
1230 2718 1367 2764 facie:
1417 2716 1604 2762 libenter
1642 2716 1777 2762 etiam
1801 2715 1980 2772 volunt,
2028 2727 2080 2763 ut
2102 2713 2242 2761 facies-

253 2783 342 2831 suae
377 2787 626 2844 videantur,
670 2788 775 2850 quia
812 2785 918 2832 inde
967 2799 1093 2830 mens
1127 2799 1284 2831 eorum
1322 2792 1540 2847 apparet;
1585 2797 1691 2828 nam
1728 2779 1947 2850 nusquam
1983 2781 2167 2828 alienam
2207 2793 2232 2826 a

2076 2854 2228 2890 mente

309 3008 380 3060 (z)
413 3002 534 3056 ond
561 3006 844 3057 Antiquiffimis
887 3006 926 3044 in
959 3004 1031 3043 hac
1051 3001 1224 3042 Tellure
1257 2999 1378 3041 fuerit
1409 2998 1567 3055 loquela
1590 3010 1668 3051 per
1700 2996 1847 3060 faciem
1871 2993 1911 3034 δε
1938 2990 2058 3056 labia,
2098 2991 2228 3055 media

190 3096 192 3100 ,
249 3063 480 3117 aspiratione
507 3061 680 3106 interna,
715 3075 739 3099 n
761 3063 884 3115 2607.
922 3061 1045 3102 1118.
1085 3059 1210 3115 7361.
1273 3057 1398 3113 Qod
1430 3055 1565 3096 similis
1589 3054 1748 3107 loquela
1768 3048 1975 3115 litmcolis
2005 3061 2045 3087 m
2064 3048 2226 3112 quibus-

243 3122 340 3162 dam
365 3119 448 3159 aliis
467 3116 716 3164 Telluribus,
748 3130 946 3170 n:4799.
986 3130 1111 3171 7359.
1148 3116 1276 3167 8248.
1319 3113 1471 3167 10587.
1535 3111 1600 3152 De
1632 3107 1882 3164 perfeehone
1917 3105 1958 3146 &
1989 3104 2226 3148 excellentia

247 3179 353 3220 istius
382 3174 567 3230 loquelae,
599 3174 802 3228 n17360.
841 3173 996 3226 10587.
1031 3172 1185 3226 10708.
