2632 3516
633 324 657 344 .
746 279 895 344 υἷε
965 232 2078 352 U-LT1MoJuDic1o.
2328 293 2418 350 5-v

429 415 599 477 ponunt
621 396 719 464 iilos
741 408 934 463 iffaelo
964 407 1079 457 inter
1105 407 1315 471 angelos,
1350 406 1397 455 in
1425 404 1621 454 vestibus
1644 405 1769 462 abis,
1802 402 1855 454 ἃ
1881 403 1927 454 in
1950 401 2182 469 paradifis:
2214 412 2263 452 nt
2290 402 2412 468 post-

426 479 515 527 hac
541 476 744 524 relabere·
765 474 813 521 in
838 473 1014 532 ideam,
1046 473 1166 537 quod
1189 473 1355 520 Anima
1390 469 1442 519 fit
1471 471 1657 528 halitus,
1689 468 1741 518 ἃ
1794 469 1884 518 uod
1906 484 1995 520 non
2014 470 2133 534 prius
2156 467 2283 518 vivat
2305 483 2411 520 cum

426 539 550 590 sensu
570 536 703 602 quarn
728 536 827 602 post
857 539 1059 588 ultimum
1084 537 1324 601 judicium,
1355 550 1507 585 annon
1534 534 1731 598 potet-isi
1780 535 1902 583 anire
1918 568 1936 594 ‚
1970 533 2238 600 cogitando,
2273 535 2412 599 qualis

426 620 533 660 ero,
568 604 751 652 ubinam
777 604 974 662 interea,
1006 618 1113 652 num
1139 602 1303 650 volabo
1334 602 1380 650 in
1406 615 1511 649 aere
1529 636 1543 658 ,
1578 601 1651 648 vel
1668 600 1864 648 manebo
1885 601 1932 648 in
1953 601 2045 658 Pu3
2076 599 2233 648 docuit
2253 611 2407 650 tamen

425 668 723 724 Praedicator,
757 668 876 731 quod
909 666 1010 730 post
1037 680 1231 716 mortem
1263 667 1379 714 inter
1408 667 1565 714 beatos
1604 677 1816 712 venturus
1845 663 1927 713 fim
1960 663 1995 713 st
2026 667 2142 714 bene
2172 664 2408 714 credidero

424 733 477 783 δι
507 736 622 782 bene
637 733 809 792 vixero.
875 732 1043 781 Credas
1068 733 1220 793 itaque
1234 764 1249 789 ,
1283 730 1393 778 ficut
1415 730 1579 778 veritas
1595 726 1684 786 est,
1717 729 1837 791 quod
1861 728 1914 778 fis
1936 730 2077 779 homo
2093 726 2195 792 post
2212 743 2404 779 mortem

424 798 537 853 ficut
564 811 670 848 ante
698 797 842 855 illam,
864 813 968 846 cum
991 797 1080 846 sola
1110 794 1389 854 differentia,
1414 809 1513 859 quae
1539 791 1607 843 est
1632 793 1750 841 inter
1771 796 1969 843 naturale
1989 793 2040 843 δι
2060 795 2309 857 spirituale:
2341 795 2406 845 ita

424 878 603 926 quoque
635 863 837 927 cogitant
861 877 1045 919 omnes,
1079 862 1156 925 qui
1185 861 1375 909 credunt
1401 863 1544 909 vitam
1574 872 1814 919 aeternam,
1847 858 1898 907 ἃ
1917 859 2030 909 nihil
2061 860 2201 909 sciunt
2232 859 2290 908 de
2316 873 2403 909 tra·

423 928 598 976 ditione
628 926 920 992 hypothetica
951 927 1011 975 de
1044 928 1208 975 anima.

490 1007 537 1050 7.
572 995 643 1041 Ex
674 993 770 1051 his,
801 1007 900 1055 quae
926 991 1137 1040 hactenus
1155 989 1278 1039 dicia
1303 990 1399 1038 sunt
1418 1026 1433 1048 ‚
1469 986 1674 1038 constare
1693 986 1865 1051 potest,
1899 988 2019 1051 quod
2040 988 2261 1038 Ultimum
2280 989 2405 1052 Judi-

425 1059 548 1107 cium
574 1073 663 1106 non
700 1058 748 1105 in
775 1057 960 1104 Mundo
989 1057 1174 1113 naturali
1191 1091 1206 1115 ‚
1238 1056 1317 1109 sed*
1341 1057 1388 1104 in
1413 1053 1596 1103 Mundo
1626 1054 1835 1116 spirituali
1870 1052 2059 1103 existere
2086 1054 2252 1118 poffit;
2285 1056 2404 1118 qnod

423 1124 560 1170 etiam
577 1122 624 1170 in
644 1123 719 1169 illo
743 1122 920 1169 Mundo
940 1119 1178 1179 exstiterit,
1210 1121 1354 1168 videri
1374 1117 1522 1182 potest
1537 1134 1593 1166 ex
1609 1120 1717 1176 illis,
1754 1133 1852 1180 quae
1869 1118 1913 1166 in
1935 1119 2071 1184 priori
2092 1119 2322 1181 Opusculo
2343 1121 2402 1168 de

425 1188 627 1236 Utrum
649 1186 843 1248 Juo1c1o
868 1201 912 1234 n:
939 1201 1002 1245 45
1023 1185 1083 1235 ad
1106 1201 1195 1246 72,
1230 1201 1288 1233 ex
1312 1185 1412 1248 visis
1431 1198 1679 1232 memorata
1702 1183 1823 1240 sunt,
1858 1199 1915 1232 ac
1938 1184 2116 1232 ulterius
2138 1199 2195 1232 ex
2224 1183 2403 1247 sequen-

425 1252 541 1300 tibus
555 1287 569 1308 ,
603 1266 702 1314 quae
723 1250 783 1298 de
801 1250 984 1314 Judicio
1008 1250 1134 1314 super
1151 1249 1445 1298 Reformatos
1466 1266 1523 1298 ex
1546 1248 1648 1297 vifis
1669 1248 1960 1296 memoranda
1981 1249 2088 1297 sunt.
2137 1249 2220 1296 Ille
2237 1249 2314 1313 qui
2337 1262 2403 1298 at-

426 1315 569 1363 tendit
590 1352 605 1373 ,
640 1315 687 1364 id
719 1330 897 1379 quoque
928 1315 1084 1364 videre
1103 1314 1251 1378 potest
1275 1329 1331 1362 ex
1360 1315 1534 1372 Novis,
1569 1328 1669 1377 quae
1689 1313 1758 1360 vde
1785 1315 1934 1370 Caelo,
1968 1315 2027 1363 de
2057 1314 2240 1375 verbo,
2275 1313 2325 1364 δε
2346 1314 2406 1364 de

426 1379 627 1430 Ecclefia
648 1395 766 1430 nunc
786 1381 1069 1431 revelantur-2
1104 1380 1200 1445 quis
1223 1380 1363 1428 homo
1381 1379 1528 1442 potest
1550 1380 1655 1428 talia
1675 1376 1847 1428 sumere
1868 1379 1974 1428 ase.

559 1514 688 1592 De
720 1512 903 1593 statu
926 1513 1199 1592 Mundi
1232 1518 1310 1590 ὃ(
1337 1510 1682 1591 Ecclefiae
1710 1532 1878 1591 ante
1911 1509 2275 1588 Ultimum

930 1622 1297 1726 Judicium
1328 1681 1351 1718 ‚
1406 1628 1483 1700 ὃ(
1514 1622 1680 1728 post
1711 1619 1902 1700 illud.

490 1799 535 1846 8.
566 1793 703 1860 Quod
733 1793 955 1848 Ultimum
984 1792 1213 1856 Judicium
1243 1795 1291 1844 in
1311 1793 1492 1843 Mundo
1510 1794 1718 1859 spirituali
1738 1792 1971 1858 permitam
1988 1791 2067 1849 fit,
2101 1793 2304 1844 constare
2321 1810 2403 1858 po-

424 1858 510 1907 test
527 1874 585 1907 ex
606 1859 688 1908 illis
704 1873 804 1919 quae
822 1872 944 1908 nunc
960 1858 1090 1921 supra
1112 1858 1233 1910 diaa
1252 1858 1374 1907 sunt:
1406 1872 1455 1908 at
1475 1874 1586 1907 vero
1606 1870 1655 1905 ut
1672 1859 1839 1922 aliquid
1860 1859 2020 1907 sciatur
2041 1857 2099 1906 de
2122 1857 2235 1908 statu
2255 1862 2396 1909 Mun-

425 1923 471 1971 di
497 1921 549 1971 &
578 1923 790 1973 Ecclefiae
819 1936 925 1973 ante
954 1923 1060 1973 illud
1083 1921 1256 1988 &post
1275 1923 1407 1983 illud,
1439 1924 1627 1973 omnino
1652 1923 1831 1973 scienda
1855 1922 1950 1971 sunt
1972 1923 2094 1980 haec,
2133 1924 2163 1970 1.
2192 1925 2312 1992 Quid
2334 1927 2400 1974 in-

423 1987 633 2051 telligitur
649 2003 731 2051 per
750 1988 869 2050 prius
888 1984 1056 2037 Caeluni
1075 1988 1127 2038 ἃ
1149 1994 1229 2052 per
1251 1989 1448 2051 priorem
1469 1989 1663 2037 Terram
1673 2004 1772 2052 quae
1782 1987 2099 2046 traufiverunt,
2112 1989 2261 2052 Apoe.
2278 1989 2359 2037 XX
2371 1989 2404 2038 l.

429 2066 468 2101 1.
510 2052 555 2098 11
582 2051 782 2119 Quinam
813 2051 864 2102 ἀ
895 2054 1045 2117 quales
1075 2052 1253 2102 fuerunt
1281 2052 1356 2116 qui
1385 2055 1432 2102 in
1464 2054 1614 2117 priore
1642 2055 1764 2101 Caelo
1801 2052 1852 2102 ἃ
1884 2053 1931 2102 in
1963 2053 2110 2115 priore
2131 2054 2294 2102 Terra.
2318 2055 2400 2102 ΠΙ.

421 2115 558 2181 Quod
570 2153 585 2174 ‚
620 2131 859 2178 antequam
876 2119 1097 2167 Ultimum
1115 2120 1341 2181 Judicium
1363 2117 1492 2179 super
1513 2119 1608 2165 illos
1624 2117 1793 2166 sactum
1812 2115 1878 2165 est
1890 2153 1904 2174 ‚
1937 2118 2075 2163 multa
2094 2121 2398 2166 communica·

422 2181 488 2228 tio
518 2181 634 2228 inter
665 2181 834 2229 Caelum
864 2181 914 2230 ἅ
941 2181 1195 2234 Mundum,
1230 2184 1292 2230 ita
1315 2196 1492 2243 quoque
1510 2181 1625 2231 inter
1647 2181 1897 2228 Dominum
1917 2180 1967 2228 ἃ
1990 2181 2234 2229 Ecclesiam
2256 2182 2392 2228 inter-

421 2256 555 2305 cepta
588 2243 734 2290 fuerit.
771 2245 858 2293 IV.
883 2244 1020 2309 Quod
1046 2245 1145 2304 post
1163 2246 1385 2293 Ultimum
1405 2244 1628 2304 judicium
1651 2244 2003 2292 communicatio
2019 2242 2216 2293 restituta
2238 2244 2305 2292 fit.
2329 2245 2396 2293 V.

421 2305 558 2421 guod
579 2307 684 2354 inde
710 2305 762 2354 fit
779 2343 791 2362 ‚
828 2308 948 2369 quod
972 2307 1071 2368 post
1095 2310 1314 2356 Ultimum
1335 2308 1591 2370 Judicium‚
1625 2306 1674 2355 δι
1698 2323 1786 2356 non
1808 2308 1952 2370 prius,
1986 2307 2302 2357 Revelationes
2315 2324 2398 2371 pro

481 2386 570 2419 ova
590 2370 791 2419 Ecclefia
812 2371 945 2420 saSiae
972 2371 1069 2420 fint.
1112 2373 1202 2422 VI.
1237 2372 1377 2437 Quod
1408 2371 1542 2420 status
1566 2371 1730 2421 Mundi
1755 2372 1803 2420 ἅ
1826 2370 2038 2419 Ecclefiae
2055 2385 2159 2420 ante
2179 2374 2399 2422 Ultimum

425 2436 653 2499 judicium
674 2435 810 2499 fuerit
833 2435 946 2485 ficut
970 2436 1174 2499 Vespera
1194 2436 1245 2486 δι
1266 2438 1405 2493 Nox,
1443 2435 1542 2500 post
1560 2435 1663 2486 illud
1692 2449 1842 2484 autem
1861 2435 1967 2484 ficut
1991 2437 2135 2484 Mane
2154 2435 2204 2484 <Sc
2230 2440 2352 2487 Dies.

485 2501 588 2559 9.1.
607 2500 726 2567 ‚Quid
748 2502 985 2562 intelligitur
999 2514 1071 2564 per
1087 2504 1199 2563 prius
1214 2502 1363 2549 Caelum
1387 2499 1443 2555 &²
1459 2516 1527 2564 per
1545 2503 1711 2562 priorem
1737 2501 1901 2548 'Terram
1923 2515 2007 2563 quae
2031 2500 2300 2561 tran-‘iverunt
2314 2536 2331 2560 ,
2353 2503 2401 2550 ab

419 2566 561 2626 quibus
588 2567 632 2612 in
664 2563 899 2630 Apocalypst
922 2566 1015 2628 Cap.
1042 2565 1173 2613 XXI.
1203 2581 1244 2614 1.
1281 2568 1367 2614 Per
1383 2568 1501 2629 prius
1518 2567 1685 2613 Caelum
1706 2564 1755 2613 δι
1776 2581 1856 2628 per
1878 2568 2069 2627 priorem
2094 2565 2287 2614 Terram
2309 2567 2401 2626 ibi,

419 2643 512 2681 non
539 2629 794 2693 intelligitur
811 2632 966 2678 caelum
986 2631 1105 2693 quod
1126 2645 1280 2678 coram
1301 2631 1439 2679 oculis
1457 2631 1688 2678 hominum
1710 2631 1755 2678 in
1776 2629 1943 2678 mundo
1962 2642 2168 2693 apparet,
2206 2647 2291 2680 nec
2313 2646 2397 2679 ter·

420 2709 472 2742 ra
502 2708 601 2756 quae
635 2696 693 2742 ab
714 2695 962 2743 hominibus
983 2696 1214 2754 incolitur;
1246 2711 1332 2744 nec
1349 2695 1607 2760 intelligitur
1630 2696 1795 2743 Caelum
1822 2695 1965 2757 prius,
2000 2694 2044 2742 in
2069 2710 2155 2757 quo
2179 2694 2276 2745 sunt
2300 2711 2398 2744 om-

421 2773 500 2806 nes
529 2773 556 2806 a
582 2760 725 2821 prima
750 2760 978 2812 creatione
999 2761 1072 2823 qui
1094 2762 1208 2808 bene
1231 2760 1459 2810 vixerunt:
1494 2761 1567 2808 sed
1588 2761 1887 2823 intelliguntur
1908 2761 2289 2823 Congregationes
2312 2761 2397 2824 spi·

422 2823 613 2880 rituum,
649 2825 725 2884 qui
762 2823 876 2872 inter
916 2826 1083 2872 Caelum
1111 2823 1161 2873 ἃ
1192 2825 1419 2872 Infernum
1452 2824 1533 2873 fibi
1554 2838 1766 2888 tanquam
1789 2826 1931 2872 Caelos
1956 2824 2185 2872 fecerunt:
2221 2824 2271 2874 δι
2294 2827 2395 2888 quia

422 2901 577 2934 omnes
596 2887 782 2950 Spiritus
803 2887 853 2936 ἀ
871 2889 1034 2952 Angeli
1051 2889 1251 2938 habitant
1273 2890 1403 2953 super
1420 2891 1546 2938 terris
1561 2926 1575 2948 ‚
1610 2903 1735 2953 aeque
1759 2905 1812 2937 ac
1830 2890 2032 2937 homines
2047 2926 2060 2945 ,
2073 2889 2176 2939 inde
2186 2904 2267 2953 pet
2277 2893 2395 2953 prius

348 2976 353 2980 -
423 2951 592 2999 Caelum
626 2950 676 3000 Gr
707 2952 901 3014 priorem
933 2954 1126 3002 Terram
1158 2953 1230 3002 illa
1255 2954 1568 3017 intelliguntur.
1604 2954 1740 3019 Quod
1765 2954 1871 3002 illud
1894 2955 2060 3002 Caelum
2085 2953 2134 3002 δι
2156 2956 2227 3004 illa
2250 2956 2396 3005 Terra

424 3015 746 3129 transiverint21
769 3017 910 3065 visum
943 3016 1033 3078 est,
1065 3018 1116 3067 ὅ(
1147 3033 1204 3066 ex
1235 3018 1337 3068 vifis
1358 3019 1624 3083 descriptum
1650 3019 1696 3068 in
1718 3019 1943 3083 Opusculo
1962 3019 2020 3068 de
2043 3021 2241 3069 Ummo
2262 3020 2392 3083 junt-

427 3095 506 3128 cto
527 3096 570 3128 n.
599 3095 662 3140 45
690 3096 716 3129 a
801 3097 844 3130 2.
992 3102 994 3105 ’
1226 3136 1232 3141 ,

495 3160 565 3194 10.
591 3147 648 3193 11.
675 3098 859 3212 Quiritem
880 3144 937 3200 &³
958 3145 1272 3209 quales-fuerunt
1290 3148 1349 3194 illi
1367 3148 1491 3209 quiin
1505 3145 1814 3210 prloriCaele&
1832 3152 1877 3195 in
1887 3154 2015 3210 priore
2032 3145 2157 3197 Terra
2171 3186 2185 3208 ,
2207 3148 2398 3209 descrip-

318 3280 321 3281 γ
424 3219 519 3259 tum
546 3208 616 3259 est
648 3212 692 3261 in
726 3211 952 3276 Opusculo
971 3212 1030 3262 de
1054 3213 1252 3262 Utrum
1273 3212 1502 3276 Jun1c103
1531 3211 1606 3261 sed
1627 3213 1731 3278 quia
1753 3229 1810 3263 ex
1837 3213 2119 3278 cognitione,
2153 3217 2328 3278 quinam
2351 3210 2402 3258 ἅ.

1482 3281 1525 3329 A
1562 3294 1588 3342 3
2258 3275 2403 3339 quales
