2508 3432
213 158 267 220 {6
541 177 661 222 1>ss
744 174 1000 220 NoVA
1078 154 1850 223 Htssaosotvmn

227 287 369 336 Novo
404 279 540 337 Coelo
579 284 626 332 &
663 283 721 333 de
749 282 888 331 Nova
910 282 1053 331 Terra
1087 283 1290 332 diceture
1327 284 1373 332 in
1394 283 1631 348 Opusculo
1654 287 1710 335 de
1731 287 1917 336 Ultimo
1941 290 2128 350 judicio
2152 291 2207 341 ἀ

230 351 474 414 Βεῆγῐοηῐει
514 350 731 398 destruflza
768 349 990 396 ostensum
1029 349 1107 406 est,
1142 349 1254 416 quid
1293 350 1557 413 intelligitur
1595 367 1674 414 per
1699 354 1905 400 Primum
1945 357 2119 404 coelurn
2161 362 2210 407 δε
2275 374 2278 376 ·

234 419 432 464 Primam
454 428 636 471 terram,
671 430 775 478 quae
815 414 1134 470 transiverant,
1165 430 1273 478 quae
1311 416 1548 481 postquam
1583 418 1853 475 tranfierant,
1888 420 1948 466 ita
1970 420 2209 485 postquam

233 482 470 528 Ultimum
497 481 733 541 judicium
806 480 999 527 era-stum
1039 480 1118 536 est,
1152 481 1345 528 Novum
1368 482 1558 528 Coelum
1585 499 1608 529 a
1631 484 1837 533 Domino
1868 499 2086 543 creatum,
2122 488 2207 536 hoc

234 546 310 602 est,
349 545 592 599 formatum
629 545 728 601 est;
786 561 856 596 loc
894 545 1083 592 Coelum
1117 543 1365 593 formatum
1405 547 1468 593 est
1503 548 1557 594 ab
1598 549 1812 596 omnibus
1850 550 1953 606 illis,
1988 553 2066 612 qui
2108 553 2208 616 post

234 614 479 659 adventum
504 612 694 659 Domini
731 611 786 658 ad
827 610 913 658 hoc
952 609 1089 673 usque
1126 624 1306 674 tempus
1330 613 1470 659 vitam
1509 613 1613 662 fidei
1653 615 1701 660 &
1742 614 1961 663 charitatis
1985 618 2209 674 vixerunt,

232 679 450 741 quoniam
491 677 536 723 hi
575 676 718 724 solum
759 689 878 728 erant
921 674 1080 723 formae
1113 676 1273 731 Coeli;
1310 693 1412 724 nam
1450 675 1598 729 forma
1629 679 1768 734 Coeli,
1802 679 2048 727 secundum
2073 697 2211 745 quam

236 759 393 790 omnes
417 742 758 795 consociationes
782 744 828 788 ὅτ
853 743 1281 790 communicationes
1314 742 1378 789 ibi
1410 742 1542 800 fiunt,
1574 743 1642 793 est
1660 742 1809 792 forma
1832 747 1989 792 Divini
2011 748 2120 794 Veri
2151 764 2211 796 ex

235 809 411 856 Divino
434 809 563 856 Bono
582 808 850 872 procedente
873 825 898 854 a
916 808 1139 867 Domine,
1165 809 1212 856 &
1232 808 1346 856 hanc
1366 807 1562 859 formam
1587 807 1734 857 induit
1756 810 1896 856 homo
1915 813 2064 874 quoad
2089 813 2214 875 spiri·
2262 860 2266 862 s

238 887 340 926 tum
363 873 492 921 suum
514 889 593 937 per
616 875 755 921 vitam
779 872 1023 923 secundum
1047 874 1271 921 Divinum
1294 874 1500 929 Verum»,
1537 875 1662 936 quod
1701 873 1848 922 forma
1868 877 1994 923 Coeli
2017 878 2120 924 inde
2141 879 2211 934 fir,

239 940 446 986 videatur
467 940 513 986 in
537 940 686 1005 Opere
707 938 762 986 de
785 939 923 987 Coelo
944 939 994 986 δε
1014 938 1210 996 inferno,
1232 954 1275 986 -n
1295 957 1306 987 ε
1335 955 1430 989 200
1451 940 1504 986 ad
1532 955 1622 988 212
1645 962 1659 995 ς
1694 940 1745 987 δε
1774 942 1899 1002 quod
1930 956 2088 988 omnes
2114 947 2213 989 An-

241 1005 331 1067 geli
370 1006 453 1052 sint
492 1003 655 1053 formae
689 1004 830 1061 Coeli,
866 1020 894 1050 n
921 1023 932 1052 ε
958 1022 1015 1066 51
1042 1005 1098 1052 ad
1124 1008 1204 1068 58,
1239 1007 1288 1052 ὅτ
1314 1018 1370 1067 73
1405 1004 1461 1053 ad
1489 1019 1565 1068 77.
1633 1006 1708 1051 Ex
1737 1005 1803 1053 his
1837 1006 1933 1052 sciri
1963 1007 2122 1069 potest,
2156 1024 2214 1056 ex

240 1070 404 1132 quibus
426 1070 619 1119 Novum
636 1070 826 1119 Coelum
848 1067 1018 1117 facturn
1041 1070 1121 1126 est,
1157 1070 1259 1117 inde
1281 1071 1415 1117 etiam
1439 1070 1568 1132 quale
1589 1070 1668 1126 est,
1703 1071 1828 1133 quod
1853 1087 2015 1134 nempe
2038 1073 2214 1135 prorsus

241 1136 507 1182 unanimum
528 1157 545 1191 3
580 1151 681 1184 narn
721 1135 802 1200 qui
836 1135 979 1186 vitam
1017 1135 1121 1183 fidei
1156 1138 1206 1184 δε
1243 1135 1463 1182 charitatis
1487 1135 1617 1190 vivit,
1652 1136 1689 1181 is
1713 1148 1831 1186 amat
1867 1136 2057 1182 alterum
2099 1139 2213 1186 ficut

242 1199 395 1257 semet,
430 1203 478 1248 δι
513 1217 594 1264 per
628 1215 828 1249 amorem
865 1199 1101 1263 conjungit
1134 1216 1242 1247 eum
1282 1200 1376 1257 fibi,
1412 1201 1462 1247 «Sc
1485 1199 1544 1247 fic
1567 1201 1756 1247 vicissim
1786 1202 1838 1247 &
1875 1214 2071 1256 mutuo;
2107 1219 2210 1250 narn

241 1280 369 1313 arnor
392 1266 455 1313 est
477 1265 734 1330 conjunctio
757 1266 803 1312 in
826 1265 1038 1328 spirituali
1061 1267 1278 1320 Mundo,
1312 1281 1447 1328 quare
1468 1281 1578 1313 cum
1608 1280 1766 1313 omnes
1800 1266 1997 1314 (imiliter
2028 1266 2213 1323 faciunt,

241 1342 350 1378 tunc
372 1347 428 1378 ex
447 1332 670 1395 pluribus,
695 1333 790 1379 imo
810 1346 865 1384 ex
888 1332 1134 1379 innumeris
1155 1330 1410 1380 consociatis
1433 1328 1676 1381 secundum
1695 1329 1887 1380 formam
1906 1332 2046 1388 Coeli,
2069 1333 2217 1381 existit

241 1398 523 1454 unanimum,
559 1399 609 1448 &
645 1397 697 1445 fit
732 1397 845 1450 ficut
883 1412 1044 1454 unum,
1080 1397 1190 1444 nihil
1225 1398 1348 1446 enim
1389 1396 1452 1444 est
1486 1396 1614 1459 quod
1651 1396 1814 1459 separat
1847 1398 1896 1444 δε
1924 1398 2105 1455 dividit,
2139 1399 2214 1446 sed

238 1476 375 1508 omne
397 1461 635 1531 conjungit
657 1464 706 1514 &
731 1463 843 1510 unit.

305 1543 351 1587 3.
386 1527 508 1580 Quia
541 1527 629 1572 hoc
653 1526 842 1574 Coelum
872 1525 1118 1569 formatum
1139 1524 1287 1569 estab
1299 1523 1532 1572 omnibus,
1565 1523 1646 1580 qui
1667 1523 1776 1568 tales
1798 1522 1996 1578 fueruat,
2031 1525 2170 1587 usque
2191 1543 2215 1572 a

237 1601 442 1650 ternpore
463 1588 655 1632 Domini
694 1587 751 1633 ad
788 1585 978 1649 praesens
1014 1596 1209 1644 tempus,
1242 1581 1415 1628 constat
1437 1581 1562 1644 quod
1585 1595 1681 1634 tam
1701 1598 1727 1629 a
1748 1584 2007 1633 Christianis
2029 1603 2165 1649 quam
2189 1608 2215 1638 a

243 1652 484 1706 Gentibus;
510 1650 583 1701 sed
607 1649 758 1714 quoad
783 1649 1028 1694 maximam
1053 1659 1226 1710 partem
1250 1647 1306 1696 ab
1328 1647 1534 1693 omnium
1554 1645 1802 1700 Infantibus
1824 1649 1869 1696 in
1893 1651 2102 1699 universo
2123 1666 2212 1703 ter·

234 1720 387 1764 rarum
411 1716 535 1772 orbe,
569 1717 648 1778 qui
671 1715 909 1762 obiverunt
931 1729 954 1760 a
976 1725 1180 1776 tempore
1205 1713 1410 1768 Domini,
1446 1728 1549 1758 nam
1586 1713 1634 1764 hi
1667 1728 1825 1760 omnes
1858 1717 2023 1778 recepti
2055 1717 2155 1766 sunt
2187 1736 2214 1767 a

238 1784 459 1840 Domin0‚
494 1782 544 1828 δε
581 1781 756 1828 educati
794 1782 839 1826 in
863 1779 1015 1835 Coelo,
1050 1794 1099 1825 ac
1122 1777 1319 1825 instruffl
1352 1777 1409 1824 ab
1431 1778 1638 1840 Angelis,
1672 1779 1723 1828 ὅτ
1743 1778 1844 1826 dein
1867 1780 2124 1840 conservati,
2160 1797 2214 1832 ut

238 1847 430 1902 Novum
455 1846 642 1902 Coelum
668 1861 753 1892 una
774 1859 882 1892 cum
903 1845 1084 1907 reliquis
1107 1843 1456 1898 constituerent·,
1493 1844 1598 1890 inde
1633 1844 1843 1891 concludi
1880 1846 2039 1909 potest,
2072 1864 2211 1912 quam

239 1928 462 1975 magnum
494 1912 557 1960 est
589 1911 635 1959 id
657 1912 884 1965 Coelum3
919 1910 1062 1978 Qod
1087 1924 1245 1956 omnes
1268 1909 1347 1972 qui
1370 1907 1572 1961 Infantes·
1589 1910 1858 1966 moriuntur,
1891 1911 2139 1962 educentur
2161 1916 2209 1962 in

238 1977 392 2036 Coelo,
426 1980 476 2026 ὅτ
498 1978 606 2026 fiant
629 1979 706 2025 An
743 1977 815 2033 eli,
849 1975 1052 2023 videatur
1091 1976 1138 2022 in
1174 1975 1329 2038 Opere
1363 1976 1422 2021 de
1456 1975 1598 2022 Coelo
1633 1975 1685 2022 sc
1714 1974 1910 2033 Inferno,
1943 1993 1974 2023 n
1997 1995 2011 2025 ε
2037 1994 2132 2042 329
2152 1980 2212 2026 ad

239 2061 350 2156 3³5.
404 2045 465 2092 Et
486 2043 610 2108 quod
633 1991 820 2091 Ccrffum
844 2039 1063 2094 formetur
1083 2055 1215 2105 aeque
1237 2056 1261 2087 a
1281 2039 1506 2090 Gentibus
1528 2055 1665 2104 quam
1688 2056 1714 2088 a
1737 2037 2012 2100 Christianis,
2036 2059 2095 2092 n:
2115 2046 2207 2108 318

234 2124 262 2155 a
355 2112 430 2157 28.
1301 2113 1308 2120 '

371 2172 891 2288 oedN
917 2172 1213 2301 recrea
1233 2168 2211 2288 oemfflidfflfflmei

236 2295 373 2369 usque
396 2306 458 2360 illi
482 2320 588 2353 curn
613 2307 700 2360 hoe
720 2255 991 2359 itaqordinzciti
1016 2299 1132 2360 sunt,
1156 2315 1207 2351 ut
1222 2318 1367 2353 unum
1381 2303 1570 2350 Coelum
1591 2301 1723 2348 timui
1743 2301 2026 2353 constituant.
2063 2303 2210 2367 Quod

236 2371 322 2427 hoc
343 2372 536 2428 Novum
561 2371 751 2426 Coelum
775 2369 1032 2425 distincium
1059 2370 1111 2416 sit
1133 2385 1158 2415 a
1180 2369 1326 2415 Coelis
1352 2368 1582 2431 Antiquis,
1615 2365 1680 2414 est
1700 2366 1841 2422 causa,
1941 2368 1980 2417 ia
2002 2369 2048 2413 in
2069 2369 2208 2414 Anti-

232 2439 334 2500 quis
357 2436 567 2491 Ecclesiis
587 2452 678 2484 non
699 2435 783 2488 alia
805 2437 1023 2488 Doctrina
1055 2434 1142 2481 fuit
1177 2449 1314 2495 quam
1337 2434 1552 2480 Dofirina
1575 2431 1763 2477 Amoris
1795 2431 1843 2475 δε
1910 2430 2120 2487 haritatis,
2155 2433 2205 2479 δε

236 2503 341 2547 tunc
367 2518 454 2549 non
479 2502 700 2549 sciverunt
722 2502 779 2547 de
802 2501 857 2548 ali
893 2516 946 2546 ua
968 2500 1186 2546 DoRrina
1221 2499 1326 2544 fidei
1349 2496 1556 2557 separatae
1576 2512 1587 2539 :
1626 2494 1730 2545 inde
1760 2508 1944 2556 quoque
1964 2494 2043 2551 est,
2078 2497 2206 2559 quod

235 2566 406 2628 antiqui
428 2567 547 2619 Coeli
568 2566 837 2613 constituant
894 2563 1064 2628 ⁴xpansa
1087 2561 1322 2624 superiora,
1358 2560 1549 2605 Novum
1573 2569 1722 2609 autem
1739 2558 1926 2605 Coelum
1942 2559 2205 2623 Expansum

236 2627 349 2677 infra
370 2629 485 2686 illos,
519 2645 623 2676 nam
640 2630 768 2676 Coeli
791 2629 891 2677 sunt
915 2625 1133 2691 Expansa,
1169 2640 1313 2672 unum
1352 2622 1482 2686 supra
1521 2622 1745 2677 alterum3
1781 2623 1827 2668 in
1862 2622 2079 2686 supremis
2108 2627 2205 2673 Ex·

235 2695 379 2758 passfis
418 2693 518 2754 sunt
554 2695 637 2757 qui
664 2695 829 2756 Ange-li
867 2694 1068 2742 coelestes
1106 2702 1338 2744 iocantur,
1372 2703 1569 2751 quorum
1609 2688 1810 2750 plerique
1847 2689 1947 2736 sunt
1985 2705 2043 2736 ex
2066 2693 2203 2741 Anti*

235 2760 441 2823 quiflima
455 2759 679 2813 Ecclefia;
714 2761 794 2815 illi,
817 2762 894 2823 qui
914 2759 991 2815 ibi,
1017 2757 1184 2824 Angeli
1207 2753 1410 2802 coelestes
1424 2766 1638 2805 vocantur
1658 2768 1714 2800 ex
1727 2755 1902 2805 Amore
1915 2754 2104 2810 coe-lessi,
2125 2757 2206 2819 qui

226 2825 298 2882 'est
319 2840 447 2878 amor
468 2826 510 2871 in
532 2826 816 2880 Dominum;
846 2826 892 2870 in
909 2823 1124 2887 Expanfis
1148 2820 1227 2868 sub
1248 2820 1331 2867 illis
1355 2819 1454 2866 sunt
1471 2819 1550 2882 qui
1571 2818 1741 2881 Angeli
1771 2816 2012 2881 spirituales
2045 2821 2205 2866 dicun..

232 2902 327 2949 tur,
361 2905 556 2952 quorum
578 2890 776 2954 plerique
798 2889 896 2937 sunt
918 2905 973 2935 ex
995 2889 1177 2951 antiqua
1191 2885 1403 2941 Ecclesia,
1438 2885 1520 2940 illi,
1554 2884 1634 2946 qui
1656 2884 1734 2940 ibi,
1768 2884 1939 2947 Angeli
1963 2884 2205 2947 spirituales

230 2956 449 3003 dicuntur
479 2970 534 3002 ex
559 2958 732 3001 Amore
754 2953 980 3016 spirituali,
1015 2955 1093 3017 qui
1115 2952 1178 2999 est
1197 2952 1397 2999 Charitas
1417 2965 1526 3013 erga
1547 2950 1843 3011 proximum3
1879 2947 1959 2996 sub
1997 2949 2066 2996 his
2104 2949 2204 2999 fiant

204 3054 210 3059 .
234 3022 405 3095 Angeli
427 3022 506 3085 qui
527 3020 718 3078 inbono
741 3019 843 3069 fidei
867 3018 982 3075 sunt,
1016 3020 1097 3083 qui
1119 3018 1219 3065 sunt
1240 3018 1318 3081 qui
1338 3018 1479 3076 vitam
1514 3014 1618 3061 fidei
1642 3015 1884 3079 vixerunt3
1920 3014 2058 3060 vitani
2092 3015 2200 3065 fidei

234 3089 401 3146 vivere„
434 3084 498 3136 est
535 3084 782 3134 fecundum
821 3079 1070 3133 &effi-inam
1108 3080 1198 3132 suae
1218 3080 1446 3138 Ee'eleiiae.
1482 3092 1528 3130 at
1551 3079 1702 3130 vivere
1723 3078 1786 3129 est
1807 3079 1922 3128 velle
1953 3079 2004 3129 δε
2041 3077 2200 3194 ῐεεεῗ.

2182 3155 2203 3193 t
