2502 3432
493 150 615 214 Πιε-
647 144 1257 212 TELLURIBUS
1304 167 1389 209 ru
1441 144 1956 210 UNIVERSO.
2154 165 2234 211 21

256 278 314 328 &-
333 275 586 342 percipiunt
605 271 814 322 calescere
833 270 992 319 faciem
1030 269 1173 333 suam,
1219 271 1268 320 &
1291 283 1402 320 tunc
1436 272 1648 321 interiora
1684 273 1846 320 mentis
1877 272 2061 321 illorum
2092 286 2245 320 amore

258 344 575 392 incenduntur.
638 339 831 401 Propter
865 336 990 384 illam
1023 335 1197 384 causam
1222 337 1384 384 incolae
1417 337 1586 384 telluris
1617 339 1751 385 etiam
1775 337 1936 386 faciem
1965 337 2087 386 suam
2120 337 2241 384 mul-

258 422 363 458 tum
390 409 542 456 lavant
574 405 628 459 &⁷
653 403 894 460 mundant,
933 402 984 449 ὅτ
1006 417 1192 474 quoque
1227 401 1412 455 sollicite
1448 414 1651 449 tutantur
1694 419 1719 449 a
1757 403 1858 450 solis
1887 403 2030 452 aestu:
2078 403 2243 451 habent

257 475 579 526 hdumentum
612 469 784 517 factum
815 484 872 516 ex
912 467 1029 516 libro
1064 466 1138 515 seu
1170 467 1337 515 cortice
1374 466 1702 523 caerulescente,
1739 483 1838 530 quo
1874 471 2244 532 circumcingunt

257 550 412 604 eaput,
446 538 496 586 &
519 536 580 584 fic
607 533 767 583 faciem
790 545 1055 597 contegunt.
1123 534 1197 580 De
1220 531 1417 580 faciebus
1447 532 1690 580 hominum
1715 532 1879 579 nostrae
1911 535 2097 592 telluris,
2130 551 2243 600 quas

257 621 341 670 per
359 619 485 652 meos
517 601 673 651 oculos
701 599 915 648 videbant
937 600 1036 661 (y),
1065 599 1293 652 dixerunt,
1325 598 1451 661 quod
1489 614 1580 645 non
1604 597 1811 660 pulchrae
1828 599 2013 655 efl‘ent3.
2042 603 2091 647 &
2114 602 2243 664 quod

256 668 548 734 pulchritudo
569 667 655 715 illis
693 666 739 713 in
772 680 875 714 cute
906 678 1103 721 exter-na,
1138 680 1231 712 non
1270 677 1421 712 autem
1455 663 1648 711 isi-fibris
1682 663 1938 712 ab-interno
1960 665 2209 714 consisteret
2226 688 2262 723 3-

258 736 409 785 mirati
441 733 567 798 quod
603 733 859 796 aliquorum
882 730 1015 779 facies
1036 731 1173 778 effent
1194 729 1446 778 verrucosae
1468 730 1518 777 &
1542 729 1799 792 pustulatae,
1835 742 1914 778 aut
1944 731 2069 778 aliter
2091 731 2243 780 defor-

258 813 419 858 matae,
446 801 655 848 dicebant
688 797 815 862 quod
852 798 973 861 apud
1009 797 1110 845 illos
1149 795 1371 860 nusquam
1406 795 1511 845 tales
1543 794 1675 842 facies
1708 809 1977 859 appareant:
2026 798 2243 860 quaedam

255 865 390 917 facies
409 866 550 929 usque
577 865 852 922 arridebant,¹
872 879 1037 926 nempe
1065 878 1177 927 quae
1200 863 1359 910 hilares
1379 861 1429 910 δε
1452 861 1645 909 ridentes
1664 883 1680 917 3
1721 865 1769 910 ὅτ
1792 877 1899 926 quae
1922 863 2097 910 circum
2121 864 2264 914 labra-

258 932 446 998 paulum
470 931 800 994 prominebant.

328 1015 407 1062 53.
442 997 586 1063 Quod
616 995 756 1044 facies·
771 995 1012 1042 arriderent
1033 1011 1141 1059 quae
1161 995 1332 1059 circum
1357 993 1481 1042 labra
1500 993 1832 1058 prominebant,
1853 1007 1945 1044 erat
1968 995 2112 1052 causa,
2134 995 2259 1060 quial

256 1064 509 1129 plurimum
546 1062 739 1126 loquelae
770 1077 928 1109 eorum
965 1061 1019 1108 fit
1059 1077 1139 1124 per
1174 1059 1355 1116 faciem,
1408 1062 1457 1108 &
1498 1062 1724 1124 imprimis
1761 1077 1842 1124 per
1878 1062 2110 1125 regionem
2146 1060 2243 1126 ejus

257 1132 430 1178 circum
453 1129 589 1184 labra,
630 1129 681 1175 ὅτ,
702 1143 887 1190 quoque
923 1129 1031 1190 quia
1064 1126 1283 1190 nusquam
1320 1127 1550 1183 fimulanr‚
1589 1128 1675 1175 hoc
1709 1126 1792 1184 est,
1825 1128 1953 1175 aliter
1991 1129 2242 1191 loquuntur

255 1211 396 1259 quam
427 1195 661 1257 cogitant,
680 1195 852 1241 idcirco
875 1192 1032 1240 faciem
1063 1192 1187 1240 suam
1210 1209 1302 1240 non
1325 1206 1517 1255 cogunt,
1557 1193 1631 1240 scd
1664 1193 1810 1240 libere*
1822 1195 2071 1255 emittunt:
2118 1195 2243 1244 aliter

258 1261 379 1323 apud
411 1260 540 1314 illos,.
562 1261 644 1322 qui
684 1275 709 1305 a
738 1260 928 1322 pueritia
967 1259 1224 1305 didicerunt
1260 1259 1498 1314 fimulare3
1552 1275 1711 1306 eorum
1752 1257 1885 1306 facies
1925 1260 2030 1307 inde
2064 1274 2239 1308 contra·

259 1326 382 1372 bitur
411 1325 467 1371 ab
489 1324 702 1378 interiori,
739 1339 795 1369 ne
826 1323 931 1369 inde
964 1323 1134 1384 aliquid
1175 1325 1459 1384 cogitationis
1492 1325 1698 1379 eluceat3
1739 1326 1796 1370 ab
1834 1326 2039 1372 exteriori
2076 1343 2158 1374 nec
2193 1344 2240 1374 e-

260 1391 488 1446 mittitur‚.
506 1389 579 1435 sed
602 1401 777 1438 tenetur
799 1400 947 1450 parata
984 1389 1038 1434 ad
1064 1387 1104 1434 se
1133 1389 1433 1434 emittendum
1459 1391 1506 1435 ὅτ
1530 1389 1907 1446 contrahendum,
1948 1404 2086 1453 prout
2117 1394 2240 1440 calli·
2315 1445 2326 1455 ,

258 1457 384 1504 ditas*
403 1454 566 1503 suadet.
635 1454 711 1500 Ex
742 1453 945 1516 inspec‘tis
976 1453 1107 1501 fibris
1138 1453 1362 1500 labrorum
1384 1454 1434 1500 &
1458 1455 1750 1500 circumcirca
1780 1454 1870 1510 illa,
1901 1457 2061 1502 veritas
2096 1458 2241 1519 potest

260 1521 485 1575 constare3
532 1520 632 1567 sunt
654 1521 775 1566 enim
798 1519 1015 1566 fibrarum
1048 1518 1176 1566 series
1209 1519 1270 1565 ibi
1300 1519 1590 1581 multiplices,
1624 1520 1910 1582 complicatae
1933 1523 1984 1569 &
2005 1525 2240 1579 coul'ertae,

256 1603 364 1649 quae
385 1602 475 1632 non
498 1584 641 1631 solum
676 1583 1147 1635 ad,manducationem
1170 1584 1221 1630 δε
1244 1585 1300 1630 ad
1323 1584 1547 1645 loquelam
1577 1601 1658 1646 per
1679 1600 1814 1632 voces
1831 1599 1994 1635 creatae
2011 1586 2130 1644 sunt,
2164 1591 2242 1639 sed

252 1653 386 1700 etiam
414 1651 472 1697 ad
495 1647 808 1711 exprimendas
829 1649 968 1694 animi
990 1649 1124 1695 ideas.

324 1735 410 1778 54,
438 1714 679 1762 Ostensum
724 1729 908 1776 quoque
947 1712 1027 1769 est,
1073 1712 1644 1778 quomodoioogitationes
1684 1732 1765 1780 per
1799 1714 1959 1765 faciem
1995 1717 2258 1780 sistuntur-3¹

258 1783 511 1830 affeciiones
546 1796 652 1844 quae
687 1780 851 1826 amoris
890 1778 1225 1827 manifestantur
1259 1796 1340 1843 per
1372 1781 1528 1828 vultus
1566 1783 1616 1829 &
1656 1798 1816 1829 eorum
1858 1787 2145 1845 mutationeS,
2190 1792 2240 1838 &

256 1848 616 1911 cogitationes-in
639 1846 724 1892 illis
746 1861 827 1908 per
848 1847 1109 1897 variationes
1133 1847 1282 1909 quoad
1307 1845 1475 1894 formas
1508 1849 1778 1895 interiorum
1797 1849 1859 1896 ibi
1879 1873 1893 1906 ;
1934 1853 2129 1916 amplius
2163 1858 2244 1904 de-

254 1914 383 1962 scribi
405 1925 642 1976 nequeunt.
713 1910 796 1959 Est
817 1927 1000 1975 quoque
1020 1912 1184 1960 Incolis
1218 1913 1388 1960 telluris
1404 1915 1535 1974 Jovis
1558 1915 1736 1974 loquela
1759 1931 1947 1974 vocum,
1971 1917 2044 1965 sed
2069 1937 2157 1968 non
2183 1925 2249 1971 ita

255 1981 415 2032 ‚tonora
435 1978 548 2025 ficut
570 1977 691 2042 apud
714 1993 829 2033 nos;
875 1976 1061 2040 adjuvat
1094 1995 1179 2028 una
1211 1979 1392 2043 loquela
1409 1979 1636 2037 alteram,
1667 1982 1715 2028 &
1740 1981 1934 2045 loquelae
1959 2000 2130 2033 vocum
2170 1991 2240 2036 in·

255 2046 450 2092 sinuatur
470 2045 561 2092 vita
582 2060 663 2108 per
680 2043 911 2106 loquelam
933 2042 1081 2092 faciei.
1145 2043 1417 2094 lusor-matus
1439 2045 1540 2094 sum
1572 2047 1630 2093 ab
1649 2049 1837 2110 angeliS‚
1877 2051 2002 2112 quod
2027 2055 2238 2103 omnium

255 2114 404 2174 prima
437 2111 614 2173 loquela
646 2111 692 2156 in
730 2111 994 2173 unaquavis-
1014 2111 1216 2158 Tellure
1239 2111 1375 2160 fuerit
1411 2112 1590 2176 loquela
1626 2129 1707 2176 per
1745 2113 1922 2171 faciem,
1965 2119 2013 2163 &
2057 2119 2143 2166 hoc
2182 2137 2247 2168 ex-

258 2178 370 2223 binis
405 2177 464 2223 ibi
494 2176 988 2239 originibusrafflbris
1026 2178 1086 2223 δε.
1110 2178 1167 2224 ab
1205 2178 1378 2226 oculis:
1427 2178 1551 2226 causa
1589 2180 1716 2242 quod
1758 2182 1857 2228 talis
1893 2183 2070 2245 loquela
2102 2185 2238 2234 fuerit

258 2244 428 2305 prima,
454 2242 518 2288 est
553 2241 827 2304 quia-facies
849 2241 1043 2290 formata
1064 2243 1127 2290 est
1160 2245 1215 2291 ad
1239 2245 1534 2307 effigiandum
1571 2246 1646 2292 illa
1678 2262 1785 2308 quae
1809 2248 1950 2295 homo
1973 2252 2146 2311 cogitat
2185 2254 2236 2299 δε

254 2324 360 2369 quae
382 2308 515 2361 vult;
556 2308 661 2353 inde
681 2309 815 2353 etiam
840 2307 973 2353 facies
996 2322 1158 2354 vocata
1189 2309 1253 2355 est
1289 2312 1459 2371 effigies
1481 2312 1532 2356 δε
1557 2311 1694 2356 index
1727 2314 1865 2357 animi
1887 2335 1902 2366 ;
1937 2327 2038 2358 tum
2061 2317 2165 2375 quia
2189 2319 2242 2362 in„

254 2372 561 2432 antiquiffimis
583 2370 655 2415 seu
679 2372 838 2430 primis
860 2371 1141 2430 temporibus
1163 2372 1381 2417 fincerum
1400 2373 1503 2426 fuit,
1519 2375 1569 2422 ὅτ
1588 2389 1677 2418 non
1697 2376 1815 2418 aliud
1835 2379 2054 2436 cogitavit
2067 2381 2242 2438 homo,-

257 2452 337 2482 nec
362 2435 558 2496 cogitare
580 2434 742 2489 voluit,
786 2449 923 2496 quam
949 2434 1075 2497 quod
1096 2434 1230 2481 vellet
1265 2448 1315 2481 ut
1346 2436 1537 2482 eluceret
1567 2452 1623 2482 ex
1649 2435 1810 2484 faciei:
1844 2440 1902 2485 ita
1940 2457 2123 2505 quoque
2150 2462 2239 2509 po-

257 2513 438 2548 ruerunt
468 2498 720 2546 affectiones
753 2501 891 2547 animi
931 2501 978 2547 &
1002 2499 1105 2546 inde
1144 2501 1439 2562 cogitationes
1468 2500 1554 2548 fisti
1592 2502 1647 2547 ad
1672 2505 1834 2549 vivum
1875 2506 1926 2551 δε
1961 2507 2124 2568 plene}
2171 2513 2232 2560 fic

256 2570 396 2615 etiam
430 2564 696 2628 apparebant
733 2565 787 2612 ad
812 2565 1017 2621 oculum,
1062 2565 1174 2612 ficut
1213 2564 1443 2614 in-forma
1465 2567 1674 2630 perplura
1708 2569 1871 2617 fimus:
1916 2588 2021 2633 quae
2058 2576 2244 2639 loquela

258 2646 434 2680 tantum
469 2631 574 2677 ideo
597 2629 842 2678 excellebat
864 2648 960 2695 prae
985 2631 1160 2694 loquela
1183 2648 1370 2689 vocum,
1388 2647 1630 2696 ,quantum
1655 2634 1773 2680 visus
1809 2651 1905 2697 prae
1936 2639 2109 2698 auditu,
2146 2643 2231 2692 hoc

256 2699 334 2754 est,
380 2698 490 2743 ficut
529 2696 594 2743 est
626 2697 775 2744 videre
813 2712 1048 2760 campum,
1098 2710 1175 2744 aut
1212 2699 1366 2745 audire
1403 2700 1452 2745 δε
1495 2714 1658 2761 capere
1693 2700 1822 2747 illum
1865 2718 1946 2764 per
1978 2708 2113 2754 voces
2152 2710 2231 2757 de·

253 2765 507 2827 scriptum..
553 2761 975 2824 Addebant‚.quod
1001 2764 1099 2810 talis
1121 2763 1295 2826 loquela
1311 2766 1573 2811 conveniret
1594 2781 1702 2811 cum
1736 2767 1912 2830 loquela
1944 2773 2227 2834 angelorum,

253 2846 359 2877 cum
393 2828 555 2891 quibus
579 2828 781 2874 homines
816 2829 899 2874 illis
921 2829 1199 2891 temporibus
1229 2831 1363 2876 etiam
1399 2831 1828 2887 communicabant3
1872 2835 2005 2882 etiarn
2033 2854 2138 2886 cum
2165 2841 2227 2889 fa-

254 2900 343 2945 cies
380 2895 581 2957 loquitur
612 2894 834 2940 seu-mens
866 2910 948 2956 per
985 2893 1266 2950 faciem,.est
1299 2896 1477 2958 loquela
1501 2894 1727 2958 'angelica‘
1745 2900 1867 2961 apud
1908 2901 2138 2952 bominem
2181 2911 2226 2955 in

2086 2970 2233 3023 forma

250 3048 2238 3078 Q-
2263 3068 2266 3070 ,

314 3100 381 3157 (y)
409 3099 534 3153 Qod
552 3100 726 3166 Spiritus
747 3100 786 3141 δι
807 3099 960 3153 Angeli
985 3114 1068 3143 non
1096 3100 1382 3155 videantvquae
1402 3102 1453 3143 in
1479 3103 1634 3146 mundo
1662 3103 1742 3147 hoc
1771 3106 1901 3159 solari,
1933 3109 1994 3151 sed
2016 3114 2124 3164 qued
2143 3127 2213 3167 με

252 3169 366 3200 meos
386 3158 527 3200 *oculos
546 3159 742 3207 viderint,
771 3171 822 3199 n:
848 3156 975 3210 1881.
