2508 3432
597 141 700 185 ET
751 136 929 192 nJus
976 116 1446 184 Doc'rnnm
1492 115 1958 200 Conmzsfrn
2142 140 2268 210 105

279 243 445 294 ultima
475 242 619 309 Ipfius
643 241 860 291 Tentatio
896 240 947 290 δι
968 239 1172 288 victoria
1209 237 1345 289 fuerit
1385 241 1433 290 in
1471 241 1773 294 Gethsemane
1810 245 1862 295 &
1900 246 1947 294 in
1989 243 2155 306 Cruce,
2189 264 2275 314 per

279 328 418 375 quam
436 311 567 375 plene
587 307 849 380 subjugavit
863 305 1061 364 Inferna,
1095 307 1145 354 &
1169 306 1452 356 Humanum
1474 307 1607 359 suum
1629 312 1858 367 Divinum
1881 312 2008 372 fecit,
2042 330 2107 364 n:
2127 316 2273 381 2776.

283 381 427 440 2803.
456 381 599 441 2813.
627 381 770 434 2814.
793 377 968 435 10655.
988 373 1163 438 10659.
1189 375 1363 439 10829.
1707 379 1742 399 ’ν

347 443 495 509 Qod
531 457 695 507 panem
734 455 827 487 non
864 439 996 486 edere
1033 441 1083 488 δε
1118 453 1284 503 aquam
1322 455 1417 488 non
1452 437 1603 487 bibere
1635 457 1703 500 40
1725 443 1883 493 diebus
1923 445 2147 510 fignificet
2186 445 2272 496 sta.

278 521 380 558 tum
417 503 646 573 integrum
683 505 1004 562 tentationum,
1050 521 1081 553 n
1107 523 1119 554 :
1151 505 1325 555 10686.
1394 506 1543 571 Qod
1566 506 1884 571 Qadraginta
1909 514 2052 570 Anni,
2086 513 2272 564 Menses

276 586 358 624 aut
387 575 497 623 Dim
515 572 783 637 ffignificent
821 570 989 620 statum
1012 571 1340 621 Tentationum
1380 572 1636 636 plenarium
1672 589 1699 620 a
1736 575 1962 639 principio
1996 579 2053 625 ad
2093 580 2233 630 finem
2250 602 2269 638 ς

276 642 329 690 δε
358 641 487 705 quod
522 634 598 688 ille
631 637 770 688 status
803 632 1081 703 fignificetur
1114 655 1197 704 per
1226 637 1512 688 durationem
1532 639 1713 687 Diluvii
1734 657 1801 703 40
1824 641 2001 699 diebus»,
2035 659 2115 706 per
2136 662 2269 695 com·

275 706 575 755 morationem
615 706 762 756 Mofis
794 704 924 771 super
956 706 1126 755 Monte
1164 706 1285 754 Sinai
1321 722 1388 766 40
1426 704 1584 754 diebus
1600 728 1617 763 ς
1662 721 1743 771 per
1776 710 2185 761 commorationem
2206 710 2266 760 fl-

275 771 443 820 liorum
464 772 632 823 Israelis
669 773 718 822 in
754 773 928 822 deserto
961 789 1028 834 40
1060 773 1187 823 annis
1204 794 1221 829 ;
1255 772 1308 821 δι’
1346 788 1427 837 per
1454 773 1750 825 Tentationes
1781 775 1976 827 Domini
2008 775 2055 826 in
2094 776 2267 831 deserto

275 854 343 901 40
363 838 538 900 diebus,
572 858 604 891 n
622 859 635 892 ε
656 857 766 907 730.
791 840 901 892 862.
928 854 1073 907 227²·
1101 856 1246 907 2273.
1273 844 1421 905 8098·-
