2508 3432
206 200 254 260 4
564 199 671 240 DE
745 196 1002 238 NOVA
1071 174 1837 242 H1ERosotvMA

204 298 401 354 hominis
422 316 526 370 quae
561 297 621 361 est
659 297 833 366 angeli.
910 299 1044 348 Erat
1065 298 1244 348 Murus
1273 296 1368 366 ejus
1393 315 1451 349 ex
1459 297 1684 368 jaspide3
1723 300 1824 369 ipsa
1848 318 1961 351 vero
1987 301 2201 356 Civitas

206 390 381 425 aurum
412 382 609 441 purum,
627 370 787 438 stmile
831 370 963 421 vitro
992 369 1117 440 puro
1138 390 1155 420 .-
1195 371 1251 421 &
1302 371 1622 422 Fundamenta
1673 374 1802 424 muri
1845 373 2078 427 Civitatis
2122 395 2183 427 ex

206 444 331 496 omni
375 442 531 512 lapide
560 443 778 513 pretioso,
855 443 1118 494 Duodecim
1163 444 1332 495 Portae
1375 441 1610 497 duodecim
1663 446 1953 514 margaritae
2005 438 2144 500 erant
2165 444 2186 511 ς’
2223 447 2227 451 ’

206 517 264 569 &³
277 515 444 585 platea
469 514 704 567 Civitatis
727 534 900 568 aurum
929 526 1106 584 purum
1147 527 1371 586 tanquam
1413 517 1600 566 vitrum
1635 516 1935 586 pellucidum.
2012 520 2184 572 Gloria

205 590 318 642 Dm
361 587 631 657 illustrabat
675 588 825 650 illam,
885 589 942 639 &
987 590 1209 639 Lucerna
1255 587 1352 655 ejus
1395 600 1504 639 erat
1551 590 1773 641 AGNus.
1813 608 1815 610 ·
1864 592 2035 643 Gentes
2076 611 2180 662 quae

183 662 412 729 firnata?
431 661 663 732 fuerunt,
715 660 1020 713 ambulabunt
1062 660 1131 712 ad
1173 661 1316 711 lucem
1355 659 1467 728 ejus,
1506 662 1562 712 δέ’
1590 664 1738 732 Reges
1782 673 1933 716 terrae
1970 665 2180 734 gloriam

186 734 333 806 fitam
356 735 415 787 ὅ
438 733 650 786 honorem
669 733 816 803 sicum
853 733 921 784 ad
959 734 1091 784 illam
1131 732 1378 802 afferent,'’
1417 735 1551 804 Cap:
1577 752 1710 786 xxi:
1745 753 1788 786 1.
1825 753 1873 787 2.
1910 754 1970 788 12
1999 732 2060 788 ad
2095 755 2181 804 24.

202 809 387 865 Homo,
435 808 514 870 qui
556 810 653 855 haec
692 807 819 869 legit,
867 823 958 853 non
999 807 1123 853 aliter
1163 807 1236 852 illa
1273 805 1496 868 intelligit,
1547 823 1684 870 quam
1725 808 1970 856 secundum
2009 809 2180 857 sensum
2260 865 2270 871 f,

204 874 362 930 literae,
397 889 562 935 nempe
585 872 709 936 quod
735 872 1061 935 periturumfit
1084 872 1273 920 Coelum
1314 871 1571 933 aspectabile
1608 887 1714 919 cum
1740 874 1895 928 Terra,
1931 876 1980 920 &
2003 890 2178 922 novum

202 938 391 986 Coelum
416 938 699 994 exstiturum,
735 939 782 984 &
818 937 942 1000 quod
984 935 1111 999 super
1149 953 1313 983 novam
1339 938 1530 983 Terram
1563 935 1817 984 descensura
1849 938 1900 983 sit
1923 939 2078 986 Sancta
2099 941 2179 986 Ci-

200 1006 315 1050 vitas
340 1002 672 1064 Hierosolyma,
707 1002 756 1048 &
793 1003 919 1064 quod
960 1002 1032 1048 illa
1071 1000 1222 1048 futura
1260 1003 1312 1048 s1t
1351 1002 1499 1064 quoad
1537 1001 1633 1048 suas
1674 1001 1896 1048 mensuras
1931 1002 2178 1051 secundum

201 1068 559 1130 descriptionem.
634 1067 721 1113 Sed
746 1068 916 1128 Angeli
950 1066 1123 1129 prorsus
1157 1068 1278 1114 aliter
1310 1066 1385 1112 illa
1408 1066 1679 1128 intelligunt,
1717 1083 1878 1129 nempe
1903 1067 2071 1129 singula
2093 1068 2179 1131 spi-

200 1134 416 1180 ritualiter
450 1147 555 1194 quae
593 1132 733 1178 homo
770 1132 1056 1186 naturaliter;
1091 1133 1141 1179 &
1178 1133 1286 1180 ficut
1321 1133 1488 1194 Angeli
1527 1132 1799 1194 intelligunt,
1836 1134 1897 1178 ita
1929 1133 2180 1195 significant

200 1198 309 1252 illa·,
343 1198 393 1245 &
433 1199 470 1243 is
507 1196 570 1243 est
608 1197 749 1243 sensus
787 1194 983 1244 internus
1019 1198 1089 1244 seu
1126 1198 1360 1260 spiritualis
1383 1197 1556 1253 Verbi3
1591 1214 1671 1262 per
1706 1212 1880 1244 novum
1905 1198 2093 1245 Coelum
2129 1202 2178 1247 δε

200 1278 367 1310 novam
401 1263 590 1309 Terram
627 1264 672 1308 in
709 1261 828 1309 sensu
869 1264 1044 1309 interno
1081 1262 1154 1310 seu
1193 1263 1422 1327 spirituali,
1460 1265 1505 1310 in
1541 1278 1635 1325 quo
1673 1262 1771 1310 sunt
1795 1264 2179 1324 Angeli,-intelli·

197 1328 321 1390 gitur
363 1343 482 1375 nova
519 1327 714 1374 Ecclesia
758 1339 850 1373 tam
895 1328 940 1374 in
982 1329 1126 1375 Coelis
1170 1345 1307 1391 quam
1354 1332 1399 1376 in
1445 1329 1587 1383 terris,
1623 1329 1679 1375 de
1719 1327 1916 1375 Ecclesia
1959 1330 2177 1378 utrobivis

197 1395 373 1439 dicetur
413 1390 558 1447 infra;
593 1409 672 1455 per
705 1393 950 1440 Civitatem
984 1394 1351 1457 Hierosolymam
1392 1394 1730 1440 descendentem
1767 1410 1792 1439 a
1829 1395 1929 1440 Deo
1963 1409 1987 1441 e
2020 1395 2174 1451 Coelo,

195 1457 460 1520 intelligitur
482 1457 675 1504 coelestis
698 1456 791 1519 ejus
816 1458 1067 1513 Doctrina3
1103 1475 1184 1521 per
1219 1459 1570 1522 longitudinem,
1619 1459 1900 1506 latitudinem
1939 1459 1986 1505 &
2027 1459 2175 1506 altitu·

195 1523 368 1577 dinem,
401 1536 507 1582 quae
540 1523 750 1583 aequales,
786 1522 1099 1582 intelliguntur
1136 1522 1288 1570 omnia
1328 1525 1445 1571 bona
1479 1526 1528 1571 δε
1564 1540 1668 1570 vera
1704 1524 1822 1569 illius
1857 1524 2090 1570 Doctrinae
2128 1525 2176 1570 in

198 1586 483 1647 complexu·,
520 1599 616 1645 per·
636 1586 833 1628 Murum
871 1582 982 1642 ejus,
1019 1585 1333 1643 intelliguntur
1367 1601 1470 1628 vera
1508 1589 1695 1629 tutantia
1735 1587 1888 1636 illam,
1934 1603 2011 1644 per
2046 1604 2174 1632 men-

198 1649 343 1697 suram
386 1648 521 1703 muri,
557 1661 663 1709 quae
707 1662 797 1704 ¹44
839 1645 1115 1701 cubitorum,
1150 1661 1255 1707 quae
1291 1643 1489 1691 mensura
1527 1646 1725 1692 hominis
1761 1661 1865 1706 quae
1901 1647 1963 1692 est
1986 1650 2175 1711 Angeli,

192 1714 503 1776 intelliguntur
524 1712 677 1758 omnia
699 1709 770 1756 illa
793 1725 894 1756 vera
916 1711 1101 1756 tutantia
1124 1711 1167 1757 in
1193 1709 1467 1771 complexu·,
1507 1710 1555 1756 &
1579 1709 1708 1771 quale
1727 1725 1883 1756 eorum
1906 1733 1919 1766 ;
1955 1726 2034 1773 per
2057 1714 2174 1761 duo-

195 1779 348 1827 decim
374 1778 549 1834 Portas,
582 1791 688 1838 quae
725 1791 781 1821 ex
819 1775 1083 1837 margaritis,
1117 1775 1428 1837 intelliguntur
1451 1790 1551 1820 vera
1581 1775 1938 1831 introducentia;
1972 1777 2174 1827 fimiliter

194 1860 277 1909 per
310 1842 555 1890 duodecim
579 1840 782 1903 Angelos
815 1841 859 1886 in
891 1840 1063 1902 portis3
1097 1850 1179 1902 per
1203 1839 1514 1888 Fundamenta
1535 1841 1652 1886 muri
1675 1856 1780 1902 quae
1799 1857 1852 1886 ex
1876 1843 2002 1887 omni
2025 1843 2173 1906 lapide

191 1907 406 1975 pretioso,
436 1907 747 1969 intelliguntur
775 1907 1052 1968 cognitiones
1093 1906 1221 1968 super
1256 1905 1420 1967 quibus
1453 1905 1775 1952 Doctrina'illa
1810 1904 2056 1964 fundatur3
2089 1924 2170 1971 per

192 1973 437 2023 duodecim
460 1971 630 2019 Tribus
645 1966 834 2026 ‘Isi-aclis,
859 1971 1168 2033 intelliguntur
1190 1971 1342 2017 omnia
1365 1970 1577 2017 Ecclefiae
1601 1971 1644 2016 in
1668 1985 1827 2032 genere
1850 1972 1898 2018 δε
1922 1973 1967 2018 in
1993 1972 2131 2034 specie
2151 1997 2177 2030 ς

168 2039 348 2088 -fimilia
387 2053 465 2101 per
502 2037 744 2085 duodecim
783 2036 1061 2099 Apostolos·,
1108 2052 1186 2098 per
1226 2039 1405 2082 Aurum
1447 2035 1588 2082 [imile
1626 2037 1745 2082 vitro
1791 2039 1920 2098 p'uro,
1972 2052 2029 2083 ex
2071 2054 2167 2101 quo

192 2106 365 2155 civitas
397 2105 447 2150 &
472 2102 637 2160 Platea,
673 2101 937 2164 intelligitur
976 2101 1145 2147 bonum
1188 2102 1350 2147 amoris
1389 2117 1443 2147 ex
1481 2115 1574 2162 quo
1606 2101 1798 2163 pellucet
1825 2102 2036 2147 Doctrina
2058 2119 2165 2149 cum

192 2171 280 2219 suis
318 2169 467 2223 veris;
503 2166 583 2231 Per
622 2169 790 2215 Gentes
829 2182 933 2229 quae
977 2168 1174 2222 servatae,
1210 2167 1256 2212 δι
1299 2183 1378 2229 per
1415 2167 1565 2227 Reges
1605 2179 1732 2212 terrae
1770 2167 1849 2228 qui
1886 2166 2078 2227 gloriam
2116 2169 2166 2214 δε

190 2237 412 2284 honorem
450 2234 496 2280 in
535 2234 659 2281 illam
693 2233 892 2287 afferent,
929 2232 1240 2294 intelliguntur
1278 2247 1435 2278 omnes
1467 2232 1522 2278 ab
1544 2231 1736 2276 Ecclesia
1767 2232 1847 2292 qui
1881 2233 1926 2276 in
1956 2231 2083 2278 bonis
2115 2234 2164 2280 &

190 2301 306 2348 veris
327 2299 461 2354 sunt;
495 2315 576 2362 per
598 2300 752 2346 Deum
776 2299 824 2345 &
847 2299 1059 2359 Agnum,
1096 2296 1359 2358 intelligitur
1390 2297 1618 2342 Dominus
1655 2297 1804 2358 quoad
1844 2295 1996 2358 lpsum
2032 2297 2168 2342 Divi-

186 2369 306 2415 num
338 2364 389 2412 δι’
412 2364 639 2411 Divinum
662 2365 952 2411 Humanum.
1023 2362 1148 2408 Talis
1183 2361 1245 2407 est
1284 2361 1424 2408 sensus
1461 2360 1695 2422 spiritualis
1718 2360 1875 2414 Verbi,
1910 2361 2001 2404 cui'
2022 2359 2163 2407 sensus

191 2429 413 2483 naturalis,
448 2429 529 2491 qui
566 2428 630 2476 est
664 2427 808 2476 sensus
847 2428 1001 2483 literae,
1038 2425 1216 2472 inservit
1253 2442 1338 2487 pro
1377 2426 1498 2478 bas1;
1535 2424 1606 2468 sed
1628 2422 1767 2484 usque
1799 2423 1892 2468 bini
1917 2423 1978 2468 illi
2002 2422 2162 2483 sensus,

191 2494 425 2558 spiritualis
449 2495 497 2539 δε
521 2494 746 2546 naturalis,
781 2508 925 2537 unum
958 2490 1126 2538 faciunt
1157 2505 1234 2550 per
1261 2488 1677 2549 correspondentias.
1746 2487 1891 2544 Quod
1914 2487 2012 2534 talis
2034 2490 2163 2536 intel-

191 2560 333 2608 lectus
364 2556 596 2617 spiritualis
619 2555 720 2600 infit
746 2555 958 2602 omnibus
993 2554 1097 2609 illis,
1132 2569 1222 2599 non
1245 2565 1374 2599 vacat
1397 2554 1467 2598 hic
1490 2551 1734 2607 ostendere,
1768 2553 1871 2613 quia
1906 2568 1995 2598 non
2030 2553 2163 2617 hujus

194 2623 341 2688 operis
378 2618 459 2675 est,
494 2618 568 2664 sed
603 2618 770 2666 ostensa
801 2620 1037 2667 videantur
1076 2620 1124 2664 in
1146 2620 1389 2664 ARcAnts
1423 2618 1760 2662 Coetesrrssus
1797 2618 1841 2661 in
1881 2616 2161 2678 sequentibus

192 2691 263 2739 his
289 2687 415 2734 locis.
485 2683 630 2746 Qod
662 2684 709 2730 in
730 2684 886 2731 Verbo
913 2700 991 2748 per
1015 2685 1253 2731 TERRAM
1286 2682 1556 2744 fignificetur
1578 2681 1787 2740 Ecclefia,
1824 2682 2047 2744 imprimis
2083 2685 2166 2732 ubi*

193 2770 275 2819 per
295 2763 460 2799 terram
483 2748 747 2810 intelligitur
779 2760 891 2795 terra
915 2751 1107 2804 Canaan,
1141 2763 1171 2794 n
1195 2765 1207 2795 z
1235 2749 1342 2795 662.
1370 2746 1506 2796 1066.
1537 2747 1672 2807 1067.
1700 2747 1834 2794 1262.
1859 2763 1994 2809 1413.
2022 2750 2161 2812 1607.

195 2819 339 2883 2928.
364 2830 505 2878 3355.
529 2828 677 2872 4447.
701 2829 846 2876 4535.
873 2829 1015 2878 5577.
1046 2818 1184 2861 8011.
1209 2827 1352 2876 9325.
1379 2813 1519 2876 9643.
1590 2812 1715 2873 Qia
1737 2812 1780 2857 in
1805 2810 2012 2873 spirituali
2036 2812 2164 2859 sensu·

194 2900 276 2948 per
296 2883 487 2929 Terram
521 2878 786 2940 intelligitur
809 2879 931 2926 Gens
968 2893 1074 2942 quae
1111 2877 1190 2934 ibi,
1225 2880 1275 2924 &
1312 2877 1405 2941 ejus
1439 2876 1620 2932 Cultus,
1655 2893 1684 2922 n
1707 2894 1725 2923 :⁷
1749 2885 1885 2924 1202.
1955 2878 2164 2939 Populus

193 2963 326 2997 terrae
347 2945 473 3009 quod
494 2942 576 2991 fint
598 2944 678 3006 qui
700 2943 757 2990 ab
777 2943 974 2991 Ecclesia
1011 2941 1238 3007 spirituali,
1273 2958 1303 2989 n
1328 2959 1340 2989 ε
1369 2943 1510 3004 2928.
1581 2942 1721 2998 Quod
1765 2957 1936 2987 novum
1967 2942 2161 2989 Coelum

190 3015 248 3062 v&t
270 3026 389 3059 nova
408 3010 548 3057 Terra
570 3007 819 3072 significent
841 3023 1013 3056 novum
1035 3011 1081 3055 in
1105 3008 1232 3055 coelis
1254 3009 1302 3054 δε
1325 3008 1369 3054 in
1393 3008 1516 3056 terris
1547 3007 1696 3067 quoad
1729 3005 1844 3052 bona
1872 3007 1920 3052 &
1944 3021 2063 3062 vera,
2098 3007 2166 3054 ita

191 3077 342 3142 quoad
371 3075 444 3129 illa
474 3089 583 3138 quae
611 3073 712 3123 sunt
734 3073 946 3124 Ecclefiae
978 3073 1215 3132 utrobivis,
1252 3089 1317 3121 n:
1346 3088 1481 3138 1733.
1513 3075 1651 3134 1850.
1678 3087 1819 3134 2117.
1847 3073 1986 3119 2118.
2012 3087 2161 3133 3355.

2009 3152 2158 3199 4535·
