2632 3516
621 196 1192 263 PRO-No-VA
1264 196 2091 261 HIEROSOLYMA.
2293 216 2362 276 ις

378 317 628 374 s'aoerdo‘tii
656 318 749 378 est,
782 319 910 383 quod
933 317 1000 368 est
1025 318 1279 383 prospicere
1306 318 1431 367 saluti
1454 319 1735 376 animarum,
1768 318 1936 367 docere
1959 318 2084 368 viam
2101 317 2160 368 ad
2178 320 2368 381 mlum,

380 383 452 438 ac'
466 387 633 434 ducere
659 400 770 449 quos
802 385 967 442 docet3
998 386 1037 433 is
1068 384 1179 434 sicut
1198 383 1335 433 estin
1353 385 1428 432 illo
1448 385 1595 442 bono,
1628 384 1693 432 ita
1708 398 1764 431 ex
1787 399 1942 432 amore
1959 383 2010 433 δι
2027 385 2127 449 ejus
2140 381 2365 437 desiderio

375 463 606 514 mpamt
635 449 723 499 fibi.
740 465 849 497 vera
867 465 966 512 quae
983 451 1176 509 doceat,
1209 448 1261 498 ἀ
1284 463 1366 512 per
1388 463 1488 512 quae
1506 450 1655 496 ducat.
1720 448 1942 497 Sacerdos
1962 462 2112 498 autem
2130 486 2146 509 ‚
2176 451 2253 515 qui
2272 465 2366 502 non

373 518 420 566 in
446 518 569 565 bono
594 514 847 564 sacerdotii
882 514 973 574 est,
1006 515 1081 563 sed
1111 515 1159 563 in
1187 511 1388 577 jucundo
1413 512 1650 560 funfflonis
1677 511 1763 563 suae
1782 527 1838 561 ex
1858 528 2011 562 amore
2028 515 2094 574 sui
2112 513 2164 565 ἃ
2184 516 2367 578 mundi,

373 581 495 645 quod
528 580 669 628 solutu
697 579 761 628 illi
787 581 956 628 bonurn
982 578 1076 636 est3
1105 580 1178 627 ifle
1193 578 1332 628 etiam
1351 593 1409 626 ex
1430 593 1583 625 amore
1602 576 1656 625 ἃ
1676 577 1771 640 ejus
1788 575 2012 626 defiderio
2029 595 2264 643 comparat
2282 580 2367 633 fibi

372 646 451 695 illa
470 647 515 694 in
534 646 667 707 copia
684 644 930 693 secundum
946 645 1220 708 jucundum,
1253 643 1375 707 quod
1397 642 1463 690 est
1482 644 1578 705 ejus
1596 644 1792 700 bonum,
1827 642 2056 705 inspirans.
2120 647 2237 694 Cum
2259 648 2365 696 Mr-

373 724 511 760 nrss:
550 710 583 758 fi
605 711 651 758 in
668 724 824 758 amore
846 707 1103 758 militia-est
1116 744 1132 767 ‚
1166 724 1223 759 ac
1246 708 1294 757 in
1314 709 1458 757 tutela
1469 720 1548 756 aut
1565 708 1614 756 in
1631 707 1758 755 fama
1775 707 1905 756 sentit
1926 709 2117 768 bonum,
2154 711 2190 758 is
2206 727 2262 759 ex
2280 713 2363 760 bo·

372 790 434 823 no
462 775 554 823 hoc
573 773 624 823 ἃ
642 775 881 823 secundum
899 774 947 822 id
965 787 1198 836 comparat
1218 773 1300 822 fibi
1322 773 1555 822 scientiam
1571 773 1706 836 ejus„
1726 772 1777 821 ἃ
1798 771 1830 820 fi
1850 772 2087 835 praefechts
2104 772 2170 821 est
2184 810 2200 830 ‚
2233 776 2364 825 intel·

369 840 599 904 ligentiam
621 841 741 904 ejus:
776 839 876 888 haec
894 838 993 887 sunt
1008 839 1119 888 ficut
1138 854 1275 897 vera,
1307 853 1366 887 ex
1382 839 1540 902 quibus
1551 837 1801 901 jucundum
1821 839 1987 886 amoris
2003 873 2018 894 ‚
2053 838 2173 902 quod
2191 837 2257 888 est
2279 842 2361 889 bo-

370 919 477 952 num
511 906 632 968 ejus,
668 904 857 954 nutritur
874 903 926 953 ἀ
948 904 1182 954 formatur.
1246 905 1363 952 Cum
1389 904 1775 961 Nasoni-roam
1807 901 1839 950 fi
1861 903 1907 951 se
1925 902 2157 952 addixerat
2175 907 2370 968 negotio.

372 985 430 1016 ex
461 984 615 1017 amore
643 970 763 1033 ejus,
795 969 833 1017 is
859 969 1007 1017 haurit
1039 985 1145 1018 cum
1177 970 1411 1032 voluptate
1438 968 1621 1025 omnia,
1656 982 1756 1031 quae
1776 980 1825 1016 ut
1844 968 1995 1017 media
2016 968 2136 1016 illum
2157 984 2362 1019 amorem

369 1034 678 1095 ingrediuntur
707 1033 759 1082 δι
788 1047 1064 1096 componunt
1074 1030 1219 1084 :shaec
1246 1049 1423 1096 quoque
1449 1035 1547 1081 sunt
1578 1032 1689 1081 ficut
1718 1047 1853 1091 vera,
1888 1047 1990 1081 curn
2023 1034 2271 1097 negotiatio
2294 1035 2362 1084 est

374 1099 543 1145 bonum
576 1098 686 1160 ejus.
751 1098 868 1146 Cum
889 1101 1155 1160 Auru-1⁸:23
1183 1097 1217 1146 fi
1238 1097 1385 1147 studio
1407 1097 1626 1147 incumbit
1645 1097 1925 1158 suae-operae‘,
1959 1096 2011 1146 δι
2032 1099 2151 1147 illam
2169 1114 2289 1148 amat
2310 1113 2360 1149 ut

373 1163 541 1210 bonum
561 1161 648 1210 suae
668 1163 774 1210 vitae
788 1199 801 1220 ,
835 1163 874 1211 is
893 1163 1309 1212 emitinstrumenta
1322 1199 1339 1221 ,
1370 1162 1421 1212 ἃ
1442 1179 1524 1226 per
1540 1164 1650 1212 talia
1669 1178 1769 1226 quae
1786 1163 1883 1210 sunt
1905 1163 2103 1212 scientiae
2120 1165 2236 1228 ejm,
2256 1181 2359 1227 per·

370 1225 467 1274 ficit
499 1226 544 1274 se
557 1262 571 1282 ,
604 1242 686 1287 per
717 1227 815 1276 haec
842 1227 955 1276 facit
975 1243 1089 1290 opus
1106 1227 1230 1276 suum
1248 1241 1298 1276 ut
1316 1227 1369 1276 fit
1387 1230 1568 1276 bonum.
1634 1229 1707 1275 Ex
1727 1227 1794 1276 his
1817 1240 1943 1291 patet
1956 1262 1974 1286 ,
2010 1229 2131 1292 quod
2151 1245 2258 1278 vera
2276 1229 2362 1279 fint

369 1290 544 1348 media,
577 1307 658 1353 per
686 1307 792 1355 quae
822 1293 990 1341 bonum
1027 1293 1191 1341 amoris
1229 1291 1407 1349 existit,
1442 1292 1493 1341 &
1522 1293 1577 1340 fit
1604 1292 1798 1356 aliquid3
1842 1293 2188 1356 consequenter,
2236 1294 2358 1358 quod

371 1357 539 1403 bonum
562 1368 685 1403 amet
703 1365 810 1404 vera
834 1368 883 1404 ut
913 1356 1088 1405 ein'stat.
1125 1357 1240 1405 Inde
1259 1357 1304 1406 in
1328 1357 1490 1405 Verbo
1513 1373 1592 1419 per
1610 1357 1867 1406 Verimtem
1887 1357 2071 1416 facere,
2103 1360 2363 1423 intelligitur

369 1419 524 1468 facere
554 1433 603 1468 ut
636 1422 803 1468 bonurn
835 1419 1018 1471 existat&
1051 1423 1143 1470 hoc
1162 1421 1419 1485 intelligitur
1456 1437 1538 1484 per
1569 1422 1794 1468 Veritatem
1809 1419 1981 1482 facere,
1997 1422 2119 1483 job.
2154 1423 2241 1471 IV.
2278 1439 2360 1476 21.

370 1484 580 1532 Semnones
599 1484 764 1531 Domini
779 1483 1079 1546 facere‚Luc.
1103 1486 1189 1534 Vl.
1212 1496 1267 1546 5.'
1292 1487 1501 1545 Ptaecepta
1523 1483 1828 1547 Inita-efacere,
1863 1485 1967 1547 Joh.
1992 1486 2126 1534 XIV.
2144 1500 2220 1544 24.
2255 1488 2361 1535 Ver-

371 1550 425 1595 ba
445 1547 753 1608 Ipfiusfacere,
775 1550 949 1596 Matth.
972 1551 1087 1598 Vn.
1108 1565 1186 1598 20.
1211 1551 1389 1598 Verbum
1411 1550 1495 1597 Dei
1500 1549 1673 1611 facere,
1695 1548 1952 1598 Luc.V111.
1979 1563 2054 1598 21.
2091 1553 2167 1599 Ac
2190 1551 2360 1599 Statum

372 1610 429 1665 ὅ)
444 1610 616 1671 Judicia
629 1610 805 1673 facere,
838 1614 989 1662 Levit.
1008 1614 1168 1662 XVII.
1194 1629 1241 1672 5.
1309 1614 1420 1662 Hoc
1452 1628 1629 1678 quoque
1646 1612 1714 1663 est
1743 1616 1886 1661 bonum
1915 1613 1966 1663 δι
1977 1612 2167 1674 flubium
2184 1612 2357 1678 facere,

369 1691 477 1725 nam
495 1678 662 1725 bonurn
680 1675 731 1725 δι
756 1675 923 1725 fruEtus
948 1676 1014 1726 est
1034 1677 1080 1726 id
1100 1677 1405 1741 quod-existit.
1676 1695 1678 1698 ·

432 1757 512 1800 40.
547 1740 687 1806 Quod
717 1743 887 1789 bonum
917 1755 1039 1790 amet
1068 1758 1254 1802 vetum,
1285 1741 1338 1791 ἃ
1369 1742 1481 1790 velit
1499 1757 1602 1790 cum
1620 1742 1957 1806 illo-conjungi,
1991 1741 2192 1795 inoffi-ari
2218 1745 2367 1794 etiam-

373 1803 523 1868 potest
550 1820 630 1867 per
661 1807 1044 1870 comparationem
1067 1823 1172 1856 curn
1190 1809 1310 1857 Cibo
1328 1805 1379 1856 ἃ
1399 1808 1560 1870 Aqua,
1592 1806 1668 1855 seu
1690 1821 1795 1856 cum
1816 1808 1936 1855 Pane
1956 1805 2008 1856 ἃ
2031 1809 2158 1858 Vino
2171 1847 2187 1869 ,
2220 1825 2357 1859 unum

369 1870 424 1918 ἃ.
441 1871 755 1929 alterum-erit,
767 1872 894 1919 cibus
916 1885 992 1920 aut
1008 1873 1135 1935 panis
1156 1873 1268 1922 solus
1285 1887 1375 1921 non
1395 1871 1509 1923 facit
1528 1871 1691 1936 aliquid
1712 1872 1758 1920 in
1777 1887 1969 1935 corpore
1993 1873 2051 1920 ad
2071 1876 2358 1924 nutritionem

371 1934 447 1982 sed
469 1950 574 1982 cum
597 1950 711 1998 aqua
731 1947 807 1984 aut
829 1937 966 1994 vino;
997 1953 1133 2002 quare
1155 1953 1292 1986 unum
1314 1938 1486 2001 appetit
1505 1936 1558 1986 ὅι
1575 1936 1796 1985 defiderat
1813 1939 2013 1985 alterum.
2046 1994 2050 1996 .
2080 1941 2167 1988 Per
2190 1941 2355 1988 Cibum

370 1999 422 2047 ἃ
451 2000 616 2047 Panem
636 2001 835 2049 etiamin
854 2002 1016 2051 Verbo
1036 2004 1083 2051 in
1105 2002 1225 2052 sensu
1247 2003 1341 2067 ejus
1367 2002 1581 2065 spirituali
1606 2002 1862 2065 intelligitur
1880 2004 2081 2062 Bonum,
2114 2019 2171 2052 ac
2190 2020 2271 2068 per
2289 2007 2359 2053 A·

369 2077 501 2126 quam
526 2065 577 2112 ἃ
602 2065 776 2114 Vinum
796 2067 1054 2129 intelligitur
1074 2069 1268 2117 Verum.
1662 2077 1666 2080 ’

432 2143 512 2187 41.
546 2130 615 2190 Ex
645 2129 775 2176 distis
807 2145 925 2178 nunc
954 2132 1159 2180 constare
1189 2131 1361 2194 potest,
1394 2129 1514 2192 quod
1543 2129 1620 2191 qui
1640 2128 1759 2192 fugit
1778 2131 1899 2176 mala
1917 2141 1967 2177 ut
1983 2143 2200 2192 peccata,
2234 2143 2357 2180 amet

371 2206 480 2239 vera
496 2208 551 2240 ac
571 2193 903 2249 defideret'illa‚
936 2194 987 2240 &
1006 2197 1097 2256 quo
1113 2198 1206 2256 plus
1227 2195 1343 2257 fugit
1356 2229 1370 2251 ‚
1403 2209 1461 2241 eo
1477 2194 1573 2254 plus
1591 2206 1713 2241 amet
1733 2194 1782 2240 ἃ
1803 2192 2046 2251 defideret,
2061 2196 2165 2257 quia
2183 2210 2240 2241 eo
2255 2197 2363 2256 plus
2423 2200 2437 2204 ”

370 2257 427 2302 ΞΠ·
451 2258 572 2303 bono
602 2255 682 2303 est.
750 2258 862 2302 Inde
892 2257 1017 2305 venit
1043 2259 1089 2305 in
1119 2259 1391 2319 Conjugium
1419 2254 1623 2315 caeleste,
1655 2257 1774 2319 quod
1797 2256 1863 2304 est
1883 2257 2155 2321 eonjugium
2177 2260 2284 2308 boni
2300 2258 2361 2310 &-

371 2319 491 2378 veri,
526 2319 573 2366 in
596 2334 684 2381 quo
707 2317 773 2366 est
795 2320 991 2379 Caelum,
1028 2320 1076 2369 δι
1096 2321 1141 2369 in
1161 2337 1251 2384 quo
1268 2321 1354 2368 erit
1372 2317 1586 2367 Ecclefia.

514 2450 745 2555 Quod
777 2470 1129 2555 quantum
1158 2452 1314 2555 quis
1341 2409 1527 2557 fugit
1554 2448 1734 2527 mala
1762 2470 1850 2527 ut
1877 2472 2171 2556 peccata
2187 2515 2226 2551 ,,

605 2578 891 2641 tantum
925 2559 1150 2638 fidem
1176 2562 1473 2656 habeat,
1528 2563 1604 2635 &
1631 2555 1998 2663 spiritualis
2019 2559 2127 2640 fitz

498 2730 677 2849 1:³³3
704 2726 911 2844 {3³23
929 2730 1872 2845 ffltoesw
1889 2730 2359 2862 &sffisffiffif
2430 2725 2438 2822 ἒ

367 2859 446 2907 des
481 2859 531 2906 δι
561 2813 819 2908 Vitaginter
848 2860 893 2908 se
921 2859 1137 2907 diffinitae
1165 2834 1271 2918 ssim,
1308 2861 1413 2909 licut
1432 2859 1687 2908 Intellectus
1706 2859 1756 2907 ἃ
1780 2813 2030 2921 Voluntaeqss
2063 2864 2140 2926 qui
2157 2864 2242 2913 scit
2259 2864 2356 2914 dis·-
2433 2870 2437 2885 “

366 2922 629 2973 tinctionem
650 2925 807 2973 harum
820 2961 834 2982 ‚
869 2925 940 2972 ille
963 2926 1098 2972 etiam
1122 2926 1204 2973 scit
1222 2924 1545 2974 distinfflonem
1565 2927 1736 2974 illorum
1749 2941 1775 2984 3·
1797 2924 1848 2974 ἃ
1865 2926 1941 2990 qui
1968 2927 2050 2977 scit
2069 2927 2345 2991 conjunffio·

369 3002 473 3036 nem
501 2991 682 3046 harum,
717 2990 790 3037 ille
821 2989 958 3038 etiam
989 2989 1068 3037 scit
1102 2990 1459 3053 conjunffionem
1489 2991 1685 3050 illorum3
1724 3006 1861 3054 quare
1886 2992 2247 3055 prmiuendum
2276 2993 2344 3044 est
2444 3003 2448 3026 ⁸

371 3053 532 3117 aliquid
553 3055 612 3102 de
636 3053 868 3117 Intellectu
887 3053 937 3103 ἀ
951 3054 1225 3115 voluntate.
2447 3027 2459 3083 l

431 3135 511 3181 43·
545 3121 657 3170 Sunt
684 3119 853 3171 homini
874 3121 990 3171 binae
1010 3120 1291 3182 Facultates,
1323 3135 1510 3186 quarum
1527 3134 1613 3172 una
1630 3131 1820 3172 vocam:
1836 3122 2128 3182 Vomitus,
2162 3122 2213 3173 ἃ
2232 3124 2339 3173 alte·

431 3197 437 3202 ·
2288 3200 2342 3235 ra
