2632 3516
235 287 320 338 η
511 265 517 271 ·
648 251 1339 315 Do‘cTRINA
1402 255 1743 323 ‘v‘tTAE

239 393 317 441 bet
335 386 424 436 effe
445 400 550 436 cum
567 384 827 434 hominibus
849 379 1031 440 mundi,
1066 378 1116 427 ὁὶ
1136 392 1347 443 quantum
1370 380 1589 435 honorem
1610 400 1688 438 aut
1704 390 1872 442 lucrum
1897 407 2045 457 amat,
2080 399 2224 451 custo.

239 455 307 502 dit
337 467 394 501 ne
427 463 698 517 appareant3
732 450 822 497 hoc
845 446 897 495 fit
918 459 1151 494 externum
1171 447 1391 505 hominis,
1427 464 1532 497 cum
1555 451 1627 501 illa
1647 453 1742 504 sunt
1761 458 1981 510 internum
2004 463 2120 527 ejus:
2159 479 2225 515 ta-

238 518 293 567 lis
324 517 465 567 homo
481 515 561 566 -est
590 517 636 565 in
654 515 722 564 se:
758 527 877 562 nunc
897 512 999 576 quia
1020 524 1251 559 externum
1271 511 1459 575 deponit
1478 530 1584 565 cum
1602 533 1789 584 corpore
1807 539 1909 574 cum
1927 531 2139 590 moritur,
2175 531 2226 581 ἀ

238 583 401 633 retinet
419 583 666 640 internum,
700 591 825 643 patet
847 578 983 642 qualis
1005 575 1205 624 diabolus
1229 576 1348 624 foret
1374 579 1453 627 nili
1482 581 1812 634 reformaretur.

235 681 239 684 -
305 652 383 709 69.
419 647 648 715 Quoniam
677 642 926 707 supradicta
954 641 1315 690 homocidiorum
1342 658 1507 706 genera
1538 649 1677 697 latent
1707 652 1821 701 intus
1851 656 1968 719 apud
1996 657 2226 708 hominem

241 731 299 764 ex
329 713 594 770 nativitate,
632 723 679 760 ut
709 708 878 758 dietum
909 706 1021 780 est,
1041 705 1089 754 ἃ
1123 706 1246 780 simul
1278 711 1422 757 omnis
1440 715 1616 774 generis
1637 713 1781 775 furta,
1818 717 1866 768 ἃ
1889 713 2228 787 omnis'generjs

240 778 349 829 falsa
378 777 661 836 testimonia,
692 790 799 824 cum
830 770 1201 835 concupiscentiis
1230 770 1288 845 ad
1317 774 1417 831 illa,
1450 778 1509 823 de
1539 778 1695 840 quibus
1717 781 1841 831 infra
1877 786 2115 837 dicendum
2136 789 2229 850 est,

241 855 368 908 patet
382 881 396 903 ,
429 843 550 908 quod
571 842 649 890 nisi
674 839 894 889 Dominus
914 837 1148 901 provisetit
1170 837 1318 885 media
1338 838 1669 891 reformationis
1682 879 1695 901 ,
1718 845 1855 908 homo
1875 864 1963 899 non
1982 852 2123 914 poss'et
2141 869 2231 904 non

240 911 289 960 in
316 923 534 957 aeternum
564 909 724 970 perire.
793 903 955 953 Media
981 902 1336 961 reformationis,
1369 919 1467 966 quae
1498 907 1721 956 Dominus
1746 913 1954 973 proviin,
1990 917 2086 964 sunt
2106 918 2230 979 haec3

243 974 363 1038 quod
391 975 529 1022 homo
561 973 761 1021 nascatur
778 971 825 1019 in
841 982 1014 1019 meram
1033 967 1329 1030 ignorantiam
1347 983 1362 1026 ;
1393 970 1514 1031 quod
1536 986 1692 1022 recens
1711 988 1839 1025 natus
1860 990 2059 1039 teneatur
2078 981 2123 1030 in
2145 982 2230 1032 sta-

242 1053 292 1089 tu
312 1039 580 1088 iunocentiae
599 1050 819 1094 externae,
856 1032 954 1097 post
977 1037 1157 1095 paulum
1176 1030 1358 1105 instatu
1377 1034 1604 1085 charitatis
1628 1050 1847 1099 externae,
1884 1043 1931 1092 ἃ
1953 1044 2056 1096 dein
2077 1047 2122 1095 in
2145 1046 2231 1096 sta..

243 1117 293 1153 tu
325 1104 533 1153 amicitiae
567 1114 791 1160 externae3
823 1098 899 1147 sed
934 1098 1044 1146 sicut
1065 1097 1110 1145 in
1134 1099 1478 1161 cogitationem,
1514 1116 1570 1149 ex
1590 1101 1664 1150 suo
1685 1104 1907 1155 inteilefihr
1926 1110 2073 1168 venit,
2108 1124 2229 1161 tene-

245 1183 315 1219 tur
346 1171 392 1218 in
420 1169 616 1233 quodam
642 1167 784 1216 libero
813 1164 977 1227 agendi
1013 1162 1253 1210 secundum
1280 1164 1528 1225 rationem,
1557 1167 1638 1216 hic
1661 1166 1794 1218 status
1812 1171 1899 1232 est,
1936 1164 2010 1236 'qui
2034 1175 2160 1239 supra
2182 1194 2227 1227 n.

244 1250 307 1296 19
329 1234 570 1298 descriptus
589 1231 679 1291 est,
713 1230 860 1280 &hic
878 1226 1206 1277 reass‘umendus
1227 1241 1408 1289 propter
1428 1229 1674 1294 sequentia,
1712 1235 1806 1284 viz:

311 1337 344 1358 2,
379 1301 565 1358 Homo,
601 1295 812 1362 quamdiu
844 1293 909 1342 est
939 1296 985 1348 in
1016 1291 1211 1348 mundo,
1245 1294 1291 1339 in
1319 1293 1471 1342 medio
1494 1293 1558 1342 est
1577 1295 1694 1345 inter
1713 1300 1938 1349 infernum
1961 1301 2008 1351 ἃ
2034 1305 2227 1364 Coelum,

246 1402 279 1425 ‚,
315 1365 431 1414 infra
462 1364 526 1413 est
559 1363 788 1411 Infernurn
809 1358 862 1408 &
882 1355 1095 1421 supraest
1115 1357 1311 1431 Conium,
1347 1356 1396 1406 ἃ
1418 1371 1524 1407 tunc
1545 1371 1719 1410 tenetur
1737 1364 1782 1413 in
1803 1365 1947 1414 libero
1966 1383 2231 1419 converten-

246 1463 282 1489 ,‚
319 1430 366 1480 di
391 1430 435 1478 se
452 1441 529 1478 aut
548 1428 607 1476 ad
629 1426 857 1481 infernum
876 1435 951 1471 aut
971 1422 1028 1470 ad
1050 1423 1245 1480 Caelum3
1277 1424 1310 1470 11
1329 1423 1373 1470 se
1393 1425 1618 1474 convertit
1638 1426 1694 1474 ad
1721 1428 1968 1490 Infernum‚
2004 1436 2166 1483 avertit
2188 1435 2232 1484 se

246 1520 284 1557 ,·,
316 1510 345 1544 a
374 1495 519 1553 Caelo,
550 1492 584 1541 fi
617 1505 766 1541 autem
798 1489 1024 1539 convertit
1042 1486 1087 1535 se
1105 1487 1162 1535 ad
1182 1488 1378 1544 Caelum,
1411 1491 1574 1538 avertit
1590 1490 1639 1538 -se
1660 1493 1717 1540 ab
1740 1494 1936 1544 Infern0.
2003 1500 2090 1546 Seu
2113 1500 2233 1563 quod

250 1597 283 1622 ‚,
311 1560 441 1610 tidem
472 1557 566 1617 est,
603 1558 742 1608 homo
772 1554 981 1620 quamdiu
1015 1551 1089 1600 est'
1113 1553 1159 1600 in
1195 1553 1385 1612 mundo,
1422 1554 1466 1602 in
1499 1555 1651 1604 medio
1673 1557 1758 1606 stat
1777 1560 1891 1607 inter
1913 1563 2160 1611 Dominum
2181 1565 2232 1614 δι

248 1647 282 1687 ,,·
305 1625 542 1675 »diabolum
558 1658 575 1683 ,
589 1638 641 1671 ac
661 1634 834 1670 tenetur
847 1621 894 1669 in
912 1620 1050 1667 libero
1067 1619 1360 1666 convertendi
1380 1618 1422 1666 se
1435 1620 1491 1667 ad
1504 1636 1637 1667 unum
1648 1636 1722 1669 aut
1734 1623 1791 1669 ad
1803 1624 1986 1672 alterum
1999 1664 2010 1684 ,
2025 1626 2056 1674 fi
2072 1627 2114 1675 se
2124 1644 2232 1678 con.

253 1691 456 1751 „vertit
486 1689 544 1738 ad
575 1688 830 1745 diabolum,
866 1683 1030 1732 avertit
1060 1682 1104 1730 se
1139 1698 1166 1730 a
1192 1684 1417 1738 Domino,
1454 1683 1486 1729 fi
1517 1697 1666 1734 autem
1685 1689 1907 1736 convertit
1931 1689 1974 1738 se
1993 1692 2049 1747 ad
2067 1694 2230 1743 Domi.

252 1789 292 1816 „
327 1757 523 1812 minum,
559 1754 723 1801 avertit
753 1752 798 1800 se
819 1765 846 1798 a
866 1749 1060 1797 diabolo·
1103 1749 1191 1794 Seu
1213 1746 1332 1808 quod
1343 1747 1472 1794 -idem
1487 1746 1581 1806 est,
1598 1748 1752 1813 'homo
1770 1755 1978 1814 quamdiu
2001 1757 2044 1803 in
2064 1761 2231 1807 mundo

251 1855 286 1880 „
318 1820 409 1879 est,
444 1821 491 1867 in
511 1817 662 1865 medio
683 1815 749 1864 est
773 1814 1075 1880 inter.malum
1098 1810 1147 1858 δι
1169 1812 1335 1858 bonum
1350 1844 1367 1868 ,
1391 1811 1439 1859 ἃ
1463 1825 1636 1861 tenetur
1655 1814 1699 1862 in
1722 1817 1860 1865 libero
1885 1826 2176 1871 convertendi
2189 1825 2233 1874 se

254 1921 286 1946 ,‚
323 1897 398 1934 aut
423 1885 481 1933 ad
513 1897 646 1931 unum
676 1892 753 1928 aut
783 1878 840 1926 ad
865 1878 1082 1934 alterum,-
1118 1874 1149 1922 s1
1167 1873 1211 1922 se
1235 1878 1458 1924 convertit
1474 1877 1532 1925 ad
1555 1880 1722 1927 malum
1739 1917 1753 1939 ‚
1786 1882 1946 1932 avertit
1968 1885 2013 1933 se
2033 1902 2059 1934 a
2083 1889 2231 1949 bonO,

229 1938 290 2009 ⁸„
325 1949 358 1996 si
397 1962 550 1996 autem
580 1945 803 1994 convertit
833 1942 877 1990 se
912 1941 968 1989 ad
1003 1943 1195 1998 bonum,
1232 1942 1392 1989 avertit
1414 1942 1458 1989 se
1479 1958 1505 1989 a
1528 1945 1673 2003 malo3
1704 1946 1801 1993 haec
1823 1946 1948 2009 supra
1968 1964 2010 1997 n.
2038 1965 2125 2010 193
2160 1955 2228 2001 vj.

253 2040 288 2073 ,3
323 2013 513 2062 deantur
537 2011 673 2060 etiam
695 2024 738 2056 n.
765 2023 838 2056 20.
867 2020 942 2055 21.
972 2019 1057 2063 22,
1093 2020 1190 2067 quae
1208 2005 1269 2052 ibi
1297 2005 1542 2068 sequuntur.

320 2093 398 2139 70.
433 2078 572 2125 Nunc
600 2075 704 2137 quia
735 2075 903 2121 malum
933 2069 982 2118 δι.
1003 2071 1171 2117 bonurn
1194 2070 1401 2118 sunt'duo
1420 2072 1646 2134 opposita,
1667 2075 1854 2140 prorsus
1873 2075 1983 2125 ficut
2004 2078 2226 2131 infernum

255 2141 306 2192 δι
327 2143 513 2200 caelurn‚
547 2153 623 2188 aut
643 2138 754 2186 sicut
779 2136 977 2184 diabolus
998 2133 1046 2182 ἃ
1072 2133 1320 2191 Dominus,
1355 2135 1544 2199 sequitur
1571 2139 1689 2200 quod
1710 2138 1743 2186 s1
1768 2140 1906 2189 homo
1929 2142 2046 2207 fugit
2064 2149 2229 2196 malum

255 2207 365 2256 sicut
383 2219 620 2270 peccatum
637 2240 650 2260 ,
665 2202 816 2251 veniat
837 2201 883 2248 in
902 2201 1068 2248 bonum
1089 2200 1205 2246 malo
1227 2199 1477 2261 oppositum
1491 2218 1505 2259 3
1519 2203 1685 2249 bonum
1707 2205 1957 2268 oppositum
1979 2211 2098 2259 malo
2112 2214 2230 2276 quod

254 2273 513 2336 intelligitur
530 2286 610 2333 per
631 2266 949 2324 homicidium,
987 2262 1051 2312 est
1074 2264 1238 2312 bonum
1259 2265 1419 2312 amoris
1446 2281 1551 2329 erga
1573 2267 1839 2328 proximum.

323 2354 401 2401 71.
446 2336 674 2403 Quoniam
716 2333 804 2381 hoc
842 2332 1009 2381 bonum
1054 2327 1104 2377 <Sc
1141 2328 1250 2400 iilud
1288 2331 1451 2377 malurn
1488 2331 1583 2379 sunt
1617 2332 1847 2395 opposita,
1891 2335 2081 2401 sequitur
2112 2343 2231 2404 quod

257 2404 347 2452 hoc
368 2414 651 2451 removeatur
673 2415 751 2463 per
772 2397 902 2456 illud;
936 2397 1026 2444 duo
1046 2394 1249 2459 opposita
1267 2411 1355 2443 non
1383 2394 1555 2459 possunt
1579 2397 1665 2446 effe
1687 2414 1771 2446 una
1786 2434 1800 2457 ,
1825 2399 1936 2449 ficut
1955 2418 2042 2452 non
2065 2406 2231 2456 Caelum

257 2468 550 2518 &infernum
573 2480 680 2514 una:
716 2464 747 2512 fi
779 2478 893 2518 una,
929 2461 1046 2509 foret
1067 2461 1291 2523 tepidum,
1330 2460 1490 2523 dequo
1513 2463 1575 2511 ita
1602 2464 1647 2511 in
1673 2466 1985 2528 Apocalypsi„
2019 2471 2237 2534 Noviquod

259 2549 381 2596 neque
388 2531 575 2595 frigidus
585 2530 651 2591 fis
671 2544 791 2591 neque
808 2527 961 2577 calidus
974 2561 988 2582 ,
1022 2524 1374 2595 utinamfligidm
1393 2526 1576 2589 cffisaut
1589 2530 1764 2588 ,calidus-3
1779 2530 1856 2590 sert
1870 2534 1962 2593 quia
1979 2535 2134 2596 tepidus
2155 2552 2227 2597 es,

179 2623 185 2630 ·
260 2614 380 2660 neque
392 2595 576 2658 frigidus
595 2610 714 2656 neque
731 2594 901 2650 calidus,
938 2590 1124 2653 exspuunt
1147 2602 1185 2653 te
1207 2607 1257 2637 ex
1278 2607 1341 2637 ore
1361 2607 1485 2651 meo„
1526 2593 1602 2640 [ΙΙ.
1634 2607 1690 2651 15
1732 2600 1805 2641 16.

325 2676 405 2721 72.
430 2660 636 2727 Quando
654 2659 800 2707 homo
827 2672 917 2705 non
943 2656 1124 2719 amplius
1154 2656 1199 2704 in
1234 2657 1351 2704 malo
1371 2656 1597 2706 homicidii
1611 2657 1705 2715 est,
1740 2658 1814 2706 sed
1847 2659 1891 2708 in
1924 2662 2044 2713 bono
2069 2667 2230 2715 amoris

260 2743 367 2791 erga
391 2726 669 2790 proximum,
703 2737 809 2772 tunc
829 2721 1039 2786 quicquid
1063 2721 1180 2783 agit,
1215 2722 1382 2768 bonum
1403 2722 1511 2769 illius
1528 2723 1688 2770 amoris
1710 2721 1801 2777 est,
1837 2728 2155 2789 consequenter
2167 2731 2231 2779 est

264 2795 433 2841 bonum
447 2807 583 2856 opus:
603 2790 743 2843 homo
768 2786 1011 2846 Sacerdos,
1045 2786 1183 2850 quiin
1204 2785 1279 2833 illo
1303 2788 1423 2834 bono
1446 2785 1534 2844 est,
1571 2786 1743 2850 quoties
1765 2788 1899 2837 docet
1920 2791 1969 2839 <St
1990 2795 2136 2853 ducit,
2151 2797 2230 2844 bo-

264 2871 372 2903 num
393 2873 515 2919 ..opus
534 2856 678 2914 facit,
712 2854 813 2918 quia
839 2868 896 2905 ex
921 2868 1075 2900 amore
1095 2850 1287 2898 salvandi
1310 2852 1500 2902 animas:
1535 2852 1717 2914 persona
1740 2854 2055 2918 Magistratus,
2089 2860 2227 2922 quiin

261 2919 337 2967 illo
371 2921 492 2968 bono
528 2920 618 2979 est,
650 2919 823 2983 quoties
858 2916 1049 2977 disponit
1076 2914 1126 2964 &
1155 2915 1352 2978 judicat,
1389 2917 1554 2964 bonum
1587 2932 1697 2979 opus
1716 2916 1848 2977 facit,
1884 2922 1984 2982 quia
2007 2938 2060 2970 ex
2080 2939 2230 2971 amore

261 2982 518 3034 consulendi
547 2985 726 3045 patriae,
762 2981 968 3031 societati
1005 2981 1055 3029 ἃ
1083 2981 1284 3029 concivi:
1320 2981 1595 3043 Negotiator
1625 2982 1844 3043 similiter,
1882 2986 1913 3032 fi
1951 2987 1995 3034 in
2017 2988 2088 3034 ino
2111 2989 2228 3035 bono

263 3045 331 3096 est
346 3083 360 3105 ,
392 3062 527 3094 omne
545 3049 856 3106 negotiationis
877 3047 973 3110 ejus
993 3045 1063 3095 ‚est
1082 3047 1248 3093 bonurn
1265 3060 1374 3106 opus
1391 3083 1404 3104 ‚
1436 3046 1500 3094 est
1521 3049 1564 3095 in
1586 3047 1661 3094 illo
1679 3062 1805 3094 amor
1826 3050 2042 3111 proximi,
2067 3048 2114 3096 ἃ
2128 3065 2228 3111 pro-

267 3111 411 3160 ximus
453 3109 547 3157 sunt
573 3111 742 3171 patria,
777 3112 988 3170 societas,
1022 3109 1243 3167 concivis,
1278 3109 1327 3157 ἃ
1361 3126 1536 3173 quoque
1566 3111 1827 3166 domestici,
1863 3116 2016 3175 quibus
2045 3114 2230 3162 consulit

264 3174 492 3239 cumfibi:
527 3174 765 3238 Operarius
783 3175 949 3236 etiam,
983 3176 1123 3238 quiin
1139 3174 1214 3224 iilo
1236 3176 1355 3225 bono
1380 3174 1471 3235 est,
1495 3191 1559 3223 ex
1587 3176 1660 3224 illo
1683 3174 1874 3224 fideliter
1895 3189 2126 3238 operatur,
2147 3194 2230 3239 pro

2138 3245 2236 3294 aliis
