2632 3516
556 290 765 359 'DE
822 256 1576 351 SCRIPTURA
1649 290 2080 351 SACRA.
2276 315 2343 365 53

367 425 437 481 bo
468 435 631 486 agere,
665 416 741 467 sed
769 433 827 466 ex
855 419 1022 469 lumine
1050 418 1279 476 rationali,
1312 429 1416 466 nam
1452 431 1543 465 non
1571 417 1770 466 credunt·
1788 417 1972 476 Verbo,
2008 417 2083 468 sed
2107 416 2203 468 fibi.
2244 484 2246 486 y
2269 420 2342 471 Ex

365 487 528 538 himine
550 483 752 534 rationali
778 484 973 548 inquire,
1007 483 1059 534 ἃ
1092 483 1318 539 invenies,
1350 481 1471 544 quod
1499 483 1602 530 duae
1621 482 1868 534 Facultates
1891 484 1997 532 vitae
2016 483 2099 532 sint
2120 484 2240 548 apud
2260 485 2343 533 ho—

365 545 2344 668 maratana.fflffiffaxfflffizgsqz‘gffsslfflfflzssltffiast

364 679 473 731 strat
502 651 641 730 viam’.
708 678 883 741 lnquire
913 679 1076 735 etiam,
1112 676 1165 726 ἀ
1193 678 1418 733 invenies,
1452 675 1572 740 quod
1604 676 1827 724 Voluntas
1844 675 2036 724 hominis
2055 676 2107 724 fit
2124 680 2218 741 ejm
2240 695 2346 742 pro-

365 746 540 811 prium,
574 745 625 793 61
654 743 773 806 quod
805 746 895 793 hoc
926 744 974 792 in
1007 743 1054 791 se
1079 740 1324 805 spechtum
1345 740 1397 788 fit
1413 755 1537 789 mere
1555 742 1751 798 malum,-
1781 738 1833 788 ἃ
1853 741 1978 802 quod
1993 740 2101 788 inde
2117 741 2169 789 fit
2187 743 2345 793 falsum
2390 751 2398 755 '

364 814 413 860 in
442 810 686 859 lntellefim·
757 809 911 876 Quum
940 809 1038 857 haec
1067 807 1313 872 inveneris,
1348 805 1523 854 videbis
1548 842 1564 864 ,
1599 806 1720 868 quod
1743 805 1889 854 bomo
1911 820 1971 854 ex
1993 804 2039 853 se
2055 820 2145 854 non
2170 809 2276 856 velit
2294 825 2343 858 a·

362 876 460 925 liud
477 876 742 939 intelligere,
778 891 912 937 quam
931 873 1049 935 quod
1069 870 1135 920 est
1155 887 1211 919 ex
1228 871 1410 934 proprio
1432 871 1686 919 Voluntatis
1707 871 1803 933 ejus
1819 903 1834 927 ,
1859 870 1910 920 ἃ
1932 871 2052 934 quod
2080 886 2164 919 nec
2186 873 2345 934 poffit,

364 941 446 990 nili
469 941 575 989 alibi
593 940 670 995 fic,
707 941 823 987 unde
839 940 886 988 id
906 940 1034 988 sci-it:
1068 938 1207 986 homo
1226 952 1283 984 ex
1307 936 1489 999 proprio
1509 937 1746 985 voluntatis
1772 936 1884 993 suae,
1917 950 2008 984 non
2030 938 2121 985 vult
2139 938 2258 986 aliud
2277 939 2347 987 in·

367 1007 589 1069 telligere,
622 1021 756 1068 quam
783 1005 904 1068 quod
933 1004 994 1051 firi
1026 1002 1076 1051 δι
1103 1000 1257 1049 mundi
1285 999 1379 1059 est,
1414 1000 1623 1066 quicquid
1655 1002 1779 1071 supra
1799 1000 1888 1058 est,
1923 1001 1967 1050 ei
1985 1001 2030 1049 in
2049 1003 2239 1066 caligine
2256 1003 2354 1063 est;

366 1084 416 1118 ut
443 1073 551 1118 dum
581 1069 706 1118 videt
729 1070 889 1127 solem,
921 1069 1068 1116 lunam
1099 1065 1150 1115 δι
1181 1065 1351 1124 stellas,
1382 1064 1416 1114 fi
1444 1079 1550 1115 tunc
1570 1066 1689 1115 forte
1712 1067 1933 1129 cogitaret
1950 1067 2010 1114 de
2025 1082 2124 1115 ortu
2142 1070 2349 1128 illorum,

365 1150 473 1183 num
500 1135 628 1182 aliter
654 1134 799 1196 poffet
826 1133 1054 1197 cogitare,
1087 1146 1220 1194 quam
1250 1130 1372 1195 quod
1401 1131 1478 1185 illa
1506 1147 1535 1180 a
1563 1131 1607 1180 se
1628 1132 1736 1189 fint3
1770 1146 1876 1179 num
1903 1133 2031 1180 altius
2050 1148 2184 1196 qnam
2202 1136 2350 1197 plures

363 1197 506 1249 Doni
526 1198 572 1246 in
593 1198 785 1254 mundo,
818 1201 894 1261 qui
911 1195 1086 1245 tametfi
1109 1196 1250 1244 sciunt
1269 1211 1327 1244 ex
1349 1196 1512 1245 Verbo
1536 1198 1820 1245 Creationem
1840 1197 2041 1245 omnium
2066 1214 2093 1245 a
2118 1199 2223 1247 Deo
2237 1237 2251 1253 ,
2273 1199 2345 1249 usi-

362 1278 453 1327 que
470 1263 713 1325 agnoscant
736 1263 990 1318 Naturauu
1023 1261 1131 1324 quid
1158 1274 1265 1308 tunc
1287 1262 1427 1309 iidem
1448 1261 1479 1309 si
1502 1262 1608 1310 nihil
1634 1278 1697 1312 ex
1722 1263 1882 1311 Verbo
1906 1255 2138 1312 scivissent.
2204 1264 2341 1313 Num
2392 1282 2402 1322 ’,-

366 1327 537 1386 eredis,
571 1328 689 1391 quod
721 1344 895 1376 veteres
924 1328 1092 1390 Sophi,
1127 1341 1186 1374 ac
1212 1324 1497 1384 Aristoteles,
1531 1329 1720 1384 Cicero,
1754 1331 1933 1378 Seneca
1960 1326 2011 1377 δι
2046 1330 2145 1385 alii.
2178 1331 2253 1392 qui
2285 1329 2348 1379 de

368 1394 504 1450 Deo,
536 1391 587 1440 δι
617 1392 674 1439 de
699 1393 992 1446 Immortalite
1018 1391 1179 1438 anirnae
1205 1390 1487 1452 scripserunt,
1522 1393 1575 1439 id>
1599 1394 1789 1453 primum
1815 1408 1872 1441 ex
1893 1393 2081 1454 proprio
2097 1394 2350 1454 sumserint,
2410 1395 2415 1430 ἵ

370 1471 489 1514 non,
523 1456 600 1504 sed
625 1471 682 1504 ex
701 1458 821 1515 aliis,
856 1459 931 1519 qui
953 1472 1034 1518 per
1055 1455 1284 1503 traducem
1303 1471 1358 1502 ex
1382 1457 1462 1503 illis
1482 1458 1554 1518 qui
1576 1458 1621 1503 id
1644 1457 1834 1517 primum
1854 1457 2076 1506 sciverunt
2095 1473 2150 1507 ex
2170 1460 2351 1508 Verbo.
2415 1454 2422 1499 ’ἲ

367 1522 616 1583 Scriptores
644 1521 915 1585 Theologiae
945 1520 1149 1568 naturalis
1174 1535 1257 1567 nec
1287 1522 1489 1567 hauriunt
1520 1521 1754 1584 quicquam
1786 1525 1874 1570 tale
1906 1537 1963 1569 ex
2001 1521 2071 1580 se,·
2103 1522 2179 1569 sed
2205 1525 2352 1572 modo
2419 1528 2425 1588 ξ

369 1586 638 1635 confirmant
672 1586 773 1644 illa,
806 1601 905 1649 quae
933 1585 1072 1633 sciunt
1104 1586 1162 1634 ab
1192 1584 1413 1641 Ecclesia,
1447 1587 1493 1633 in
1526 1598 1611 1648 qua
1631 1585 1698 1634 est
1719 1587 1951 1644 Verbum,
1984 1588 2354 1649 petrationalia;
2419 1591 2426 1625 '·÷

368 1649 421 1699 ἃ
442 1648 615 1713 poss'unt
634 1649 732 1698 dari
748 1651 864 1698 inter
888 1651 1009 1705 illos,
1041 1649 1121 1712 qui
1137 1649 1430 1706 confirmant,
1463 1650 1516 1698 ὅ(
1537 1665 1689 1699 tamen
1709 1666 1799 1699 non
1824 1652 2026 1700 credunt.

366 1730 374 1733 s
439 1719 549 1763 116.
583 1716 754 1763 Datum
787 1713 854 1762 est
882 1713 1035 1761 videre
1203 1729 1255 1761 os
1283 1715 1333 1761 in
1362 1714 1511 1761 insulis
1542 1729 1698 1773 natos,
1726 1717 1873 1778 quoad
1904 1715 2056 1765 civilia
2078 1718 2347 1777 rationales,

371 1780 448 1843 qui
477 1795 535 1827 ne
566 1779 708 1827 hilum
737 1778 957 1828 sciverunt
974 1778 1035 1826 de
1103 1793 1192 1834 eo,·
1224 1777 1284 1826 illi
1302 1778 1347 1825 in
1372 1778 1551 1826 Mundo
1574 1780 1783 1841 spirituali
1812 1794 2027 1843 apparent
2049 1781 2159 1831 ficut
2180 1783 2341 1837 fimiar.

373 1860 429 1892 ac
458 1860 582 1906 paene
609 1843 737 1892 fimili
762 1845 857 1893 vita
883 1859 987 1891 cum
1018 1844 1128 1900 illis;
1158 1855 1205 1890 at
1237 1843 1340 1905 quia
1366 1842 1571 1890 homines
1591 1844 1683 1892 nati
1704 1843 1831 1903 sunt,
1866 1845 1914 1894 ἃ
1935 1846 2040 1894 inde
2060 1846 2111 1894 in
2127 1847 2350 1897 facultate

368 1907 614 1971 recipiendi
639 1908 780 1957 vitam
799 1908 1089 1971 spiritualem,
1122 1906 1390 1956 instruuntur
1409 1911 1467 1956 ab
1488 1908 1764 1972 Angelis‚&
1788 1925 1868 1972 per
1882 1911 2160 1974 cognitiones
2179 1914 2351 1961 deDo-

371 1975 495 2022 mino
525 1987 572 2021 nt
603 1974 808 2022 Homine
823 1973 1119 2022 vivificantur.
1156 1972 1317 2036 Qualis
1334 1971 1400 2021 est
1417 1975 1557 2039 homo
1576 1990 1634 2022 ex
1656 1974 1727 2033 se,
1762 1989 1948 2039 apparet
1967 1977 2204 2033 evidenter
2221 1993 2278 2026 ex
2298 1979 2351 2025 il-

372 2039 453 2096 fis,
488 2038 563 2101 qui
584 2038 630 2087 in
650 2038 839 2087 Inferno
852 2037 975 2095 sunt,
1010 2039 1125 2087 inter
1146 2053 1256 2101 quos
1272 2038 1410 2086 etiam
1430 2039 1564 2102 aliqui
1589 2039 1822 2088 Antistites
1844 2041 1894 2089 ἃ
1916 2041 2090 2091 Eruditi
2115 2041 2238 2101 sunt,
2273 2044 2352 2106 qui

371 2118 430 2152 ne
458 2102 638 2166 quidem
667 2106 821 2152 volunt
850 2103 1003 2152 audire
1035 2104 1095 2152 de
1125 2101 1256 2160 Deo,
1289 2102 1340 2152 ἃ
1365 2118 1601 2167 propteroe
1618 2121 1705 2153 nec
1722 2104 1897 2167 poffunt
1918 2107 2148 2154 nominare
2168 2111 2351 2165 Deum;

373 2169 455 2216 hos
485 2169 612 2226 vidi,
646 2166 697 2217 ἃ
726 2185 830 2217 cum
858 2166 943 2217 illis'
964 2172 1167 2230 loquutus
1186 2168 1308 2216 sum:
1338 2168 1388 2216 ἀ
1411 2184 1586 2231 quoque
1606 2171 1805 2232 loquutus
1827 2171 1919 2217 sum
1941 2172 2172 2226 cumillis,
2210 2172 2283 2233 qui
2302 2173 2353 2220 in

271 2263 275 2265 >
372 2235 525 2294 ignem
549 2234 625 2280 irae
651 2231 700 2281 ἃ
720 2233 1097 2281 excandescentiae
1115 2245 1331 2279 venerunt
1345 2268 1359 2286 ,
1377 2270 1380 2274 .
1397 2248 1501 2280 cum
1524 2234 1787 2279 audiverunt
1806 2234 1999 2295 aliquem
2018 2236 2271 2296 loquentem
2290 2237 2354 2283 de

373 2298 491 2346 Deo.
526 2297 742 2358 Expende
761 2298 933 2358 itaque,
970 2297 1107 2356 qualis
1130 2295 1268 2343 homo
1286 2294 1405 2342 foret
1420 2331 1435 2351 ,
1467 2299 1541 2357 qui
1564 2297 1667 2344 nihil
1691 2297 1860 2351 audivit
1886 2298 1945 2343 de
1965 2299 2093 2350 Deo,
2129 2314 2233 2346 cum
2249 2301 2348 2361 qui·

380 2360 485 2407 darn
506 2362 615 2407 tales
637 2363 760 2418 sunt,
794 2361 871 2421 qni
890 2359 1152 2406 audiverunt
1171 2359 1230 2403 de
1255 2359 1381 2416 Deo,
1415 2359 1669 2420 seripserunt
1686 2355 1744 2405 de
1759 2361 1891 2412 Deo.
1914 2360 1963 2408 ἀ
1989 2362 2347 2423 praedicavemnt

374 2425 435 2472 de
467 2425 600 2480 De03
633 2423 730 2472 sunt
765 2425 906 2484 plures
945 2424 1055 2471 tales
1082 2437 1139 2469 ex
1167 2421 1344 2482 Jesuitis
1405 2423 1543 2487 Quod
1564 2425 1672 2470 tales
1696 2424 1803 2481 lint,
1838 2422 1904 2471 est
1923 2440 1979 2472 ex
2001 2429 2228 2475 voluntate
2248 2444 2357 2490 quae‘

374 2490 491 2538 mala
510 2486 601 2543 est,
635 2488 683 2536 ἃ
705 2488 827 2546 haec,
863 2502 910 2535 ut
931 2487 1047 2549 prius
1070 2485 1238 2533 dicium
1257 2485 1349 2545 est,
1363 2488 1486 2536 ducit
1504 2487 1799 2546 intellectum,
1814 2487 1866 2537 ἃ
1885 2489 2029 2537 aufert
2050 2506 2210 2539 verum
2225 2494 2353 2556 quod

373 2554 437 2603 ibi
464 2551 531 2601 est
560 2567 615 2600 ex
643 2553 815 2601 Verbo.
856 2555 904 2601 Si
924 2551 1062 2599 homo
1085 2567 1142 2598 ex
1166 2551 1210 2598 se
1233 2550 1439 2612 potuisset
1461 2552 1573 2600 scire
1590 2590 1601 2606 .
1639 2554 1758 2616 quod
1783 2556 1906 2602 Deus
1926 2552 2007 2612 fit,
2042 2555 2089 2603 ἃ
2109 2557 2227 2618 quod
2252 2559 2355 2607 vita

499 2630 713 2676 mortem,
747 2633 825 2665 cur
845 2633 933 2665 non
953 2617 1137 2664 sciverat
1150 2652 1163 2672 ,
1198 2618 1319 2678 quod
1339 2615 1477 2664 homo
1497 2617 1549 2665 fit
1569 2617 1826 2680 homo‘post
1849 2634 2039 2666 mortem
2053 2657 2066 2676 ‚
2101 2636 2179 2668 cur
2200 2623 2348 2672 credit

372 2682 493 2746 quod
527 2682 676 2732 anima
689 2684 768 2731 seu
788 2683 957 2745 spiritus
976 2682 1070 2744 ejus
1091 2680 1143 2729 fit
1163 2680 1272 2728 ficut
1287 2694 1444 2730 ventus
1463 2696 1539 2730 aut
1558 2683 1667 2730 ficut
1689 2684 1851 2742 aeher,
1888 2685 1966 2747 qui
1986 2700 2074 2732 non
2097 2687 2221 2735 videt
2238 2703 2351 2736 ocu-

374 2749 426 2796 lis
454 2746 503 2796 ἃ
530 2746 655 2794 audit
680 2749 879 2804 auribuS,
914 2746 966 2795 ἃ
993 2746 1180 2808 loquitur
1210 2761 1313 2803 ore,
1346 2746 1599 2811 priusquam
1629 2749 1910 2812 conjungitur
1939 2749 1988 2798 δι
2011 2751 2221 2799 coalescit
2241 2768 2353 2802 cum

373 2812 452 2861 suo
470 2811 691 2860 cadavere
710 2812 760 2860 δι
781 2828 884 2860 cum
906 2811 983 2858 suo
1001 2813 1179 2859 sceleto.
1248 2811 1371 2859 Pone
1391 2814 1540 2874 itaque
1562 2813 1825 2861 Dofilrinatn
1846 2830 1927 2876 pro
1948 2816 2068 2861 cultu
2090 2831 2147 2864 ex
2170 2817 2263 2866 solo
2281 2820 2348 2866 lu-

373 2877 496 2925 mine
520 2875 722 2923 rationali
743 2875 960 2923 exclusam
974 2913 988 2934 ,
1021 2891 1166 2922 annon
1186 2874 1330 2932 foret,
1365 2888 1412 2922 ut
1430 2876 1523 2938 ipse
1545 2878 1793 2935 coleretur,
1828 2892 1876 2925 ut
1896 2878 2062 2926 factum
2081 2880 2147 2930 est
2163 2897 2193 2930 a
2212 2882 2350 2931 saecu·

373 2944 427 2991 lis
458 2939 508 2988 δι
536 2939 672 2988 hodie
702 2940 754 2987 fit
784 2942 842 2987 ab
876 2941 983 2996 illis,
1021 2939 1096 3001 qui
1121 2939 1261 2986 sciunt
1293 2955 1349 2987 ex
1387 2941 1571 2999 Verbo,
1606 2943 1726 3003 quod
1759 2943 1873 2990 solus
1894 2945 2019 2992 Deus
2037 2947 2247 2996 colendus
2269 2947 2349 2997 fit:

374 3007 514 3056 cultus
546 3004 654 3053 alius
677 3020 733 3052 ex
758 3005 939 3067 proprio
956 3003 1148 3051 hominis
1171 3019 1262 3050 non
1281 3003 1374 3051 dari
1395 3004 1567 3066 potest,
1599 3022 1657 3052 ne
1674 3007 1853 3068 quidem
1872 3010 2011 3058 cultus
2032 3009 2128 3058 solia
2148 3010 2199 3060 ἃ
2219 3013 2346 3061 lunae.

442 3085 550 3129 117.
587 3069 724 3134 Quod
754 3070 810 3116 ab
841 3067 1141 3129 antiquiffimis
1167 3070 1438 3131 temporibus
1469 3069 1602 3118 fuerit
1619 3072 1824 3136 Religio,
1854 3071 1904 3120 ἃ
1923 3073 2089 3122 Incolae
2107 3077 2228 3126 orbis
2252 3080 2348 3126 ubi-

372 3135 441 3183 vis
455 3134 662 3183 noverint
682 3133 739 3180 de
759 3135 891 3189 Deo,
926 3132 976 3180 δι
998 3133 1161 3199 aliquid
1183 3132 1241 3180 de
1262 3133 1356 3181 vita
1376 3132 1476 3194 post
1496 3149 1687 3183 mortem
1701 3173 1715 3195 ,
1748 3152 1838 3185 non
1864 3136 1949 3185 fuit
1974 3153 2029 3186 ex
2056 3139 2181 3202 ipfis,
2218 3142 2267 3190 ἃ
2291 3157 2348 3189 ex

373 3201 554 3265 proprio
570 3200 743 3249 illorum
762 3198 993 3257 acumine,
1027 3197 1104 3246 sed
1124 3212 1183 3247 ex
1202 3197 1393 3311 VerboG
1383 3198 1604 3262 Vetusto,
1639 3202 1699 3251 de
1719 3217 1810 3268 quo
1821 3201 1949 3267 supra
1966 3218 2009 3253 n.
2039 3220 2124 3254 101
2148 3206 2209 3255 ad
2233 3220 2317 3265 103
2335 3221 2352 3261 3
