2514 3516
239 184 340 254 254
508 174 622 233 Da
658 165 1270 236 ‘rr-:muamus
1329 171 1976 236 muNWERscx

245 299 491 347 secundum
515 298 650 347 status
675 300 784 347 vitae
823 300 1072 348 incolarum
1108 301 1158 349 δε
1189 301 1427 364 spirituum
1463 301 1553 349 ibi.
1597 301 1731 349 status
1745 302 1885 349 vitae
1901 301 1966 348 est
2001 300 2135 350 status
2167 303 2232 352 af·

232 364 493 412 sectionum
515 366 666 428 quoad
692 381 894 414 amorem
918 367 967 414 δι
994 367 1148 413 fidem.
1221 368 1363 426 Quod
1399 367 1577 430 spiritus
1602 367 1732 431 ponit
1765 369 1917 414 videre
1951 367 2025 414 illa
2046 385 2152 431 quae
2184 370 2230 419 in

245 431 429 478 l'ellure
462 430 581 488 sunt,
618 432 689 479 seu
726 432 853 495 quod
892 433 1032 489 idem,
1081 433 1222 480 homo
1259 435 1407 497 quoad
1444 434 1664 496 spiritum,
1701 434 1808 481 licet
1842 450 2080 496 exponere,
2117 451 2232 497 quo·

231 498 401 549 modo
418 498 554 544 etiam
585 498 694 545 baec
724 514 790 544 res
821 499 871 545 se
898 499 1074 554 habet3
1117 500 1310 562 Spiritus
1348 513 1439 547 non
1481 499 1675 561 possunt,
1717 514 1808 546 nec
1820 501 1994 561 Angeli
2029 500 2107 547 suo
2121 499 2230 547 visu

242 562 396 610 videre
417 565 666 627 quicquam
691 557 818 627 quod
849 566 895 611 in
923 565 1130 620 mundo3
1170 565 1255 612 illis
1288 567 1411 612 enim
1445 565 1524 612 lux
1550 565 1709 612 mundi
1743 564 1815 612 seu
1842 565 1989 613 solaris
2023 566 2086 612 est
2109 567 2232 614 velut

241 628 375 705 §lenia
407 630 589 692 caligo,
633 630 743 677 licut
767 630 909 677 homo
932 631 1029 676 visu
1052 631 1117 677 sui
1150 633 1350 694 corporis
1376 647 1456 678 nec
1480 631 1634 678 videre
1658 630 1804 694 potest
1835 633 2079 694 quicquam
2103 632 2230 695 quod

245 695 289 740 in
328 694 460 741 altera
481 697 590 751 vita,
632 696 671 742 ei
709 698 830 742 enim
868 697 946 742 lux
969 698 1077 742 coeli
1110 696 1191 751 est,
1234 697 1359 743 velut
1392 695 1525 743 densa
1560 696 1736 759 caligo·
1785 697 1857 743 sed
1882 704 2018 760 utque
2040 699 2231 760 Spiritus

230 761 292 806 ⁵&
321 762 504 822 Angeli,
538 762 726 824 quando
759 763 967 808 Domino
1007 759 1281 824 beneplacet,
1321 763 1501 824 poss‘unt
1535 762 1690 808 videre
1730 762 1814 808 illa
1831 778 1938 826 quae
1971 766 2036 810 in
2055 764 2230 812 mundo

243 841 324 888 per
346 827 503 872 oculos
519 826 759 881 homini53
801 827 875 873 sed
899 827 984 874 hoc
1022 843 1113 874 non
1139 828 1345 874 concedit
1361 829 1599 874 Dominus
1632 827 1751 890 apud
1785 827 1925 883 alios,
1946 845 2087 891 quam
2127 832 2230 892 qui-

245 893 327 937 bus
352 892 427 937 dat
451 893 680 939 Dominus
709 893 834 956 loqui
868 909 974 940 cum
1001 893 1099 955 spir
1105 893 1223 939 tibus
1246 894 1296 940 δε
1319 894 1503 956 angelis,
1524 895 1570 940 &
1596 893 1679 938 effe
1704 893 1834 940 simul
1856 894 1963 940 curn
1983 894 2100 941 illis:
2134 911 2229 958 per

246 964 369 1003 meos
402 958 558 1005 oculos
586 959 756 1005 datum
792 958 856 1006 est
893 959 979 1005 illis
1004 959 1154 1006 videre
1188 959 1261 1005 illa
1299 973 1406 1022 quae
1445 961 1491 1005 in
1534 959 1726 1014 munde,
1772 958 1826 1005 &
1866 971 1959 1006 tam·
2001 960 2228 1014 manifeste

243 1022 356 1069 ficut
379 1038 500 1086 eg03
541 1037 642 1071 tum
665 1020 803 1071 etiam
828 1025 981 1072 audire
1005 1025 1208 1072 homines
1239 1041 1420 1071 mecum
1449 1026 1712 1087 loquentes:
1760 1026 1952 1087 contigit
1975 1025 2228 1088 aliquotieS,

242 1089 370 1163 quod
404 1090 542 1152 aliqui
576 1090 745 1137 amicos
783 1090 900 1147 suos,
938 1107 1053 1154 quos
1090 1091 1362 1138 habuerunt
1373 1093 1416 1137 in
1445 1093 1535 1137 vita
1573 1091 1790 1153 corporiS,
1826 1107 1904 1152 per
1937 1107 2011 1137 me
2037 1093 2231 1140 viderint

243 1154 302 1200 ita
325 1154 563 1215 praesentes
586 1156 763 1218 prorsus
798 1157 910 1203 ficut
938 1158 1080 1220 prius,
1119 1158 1168 1204 &
1193 1156 1550 1219 obstupuerunt·
1540 1191 1554 1212 ‚
1603 1157 1819 1202 viderunt
1846 1157 1980 1202 etiam
2006 1156 2106 1204 suos
2133 1173 2229 1204 ma·

230 1221 354 1267 ·ritos
389 1221 439 1270 ὅτ
479 1219 685 1278 infanteS,
723 1224 769 1271 δι
794 1222 1037 1269 voluerunt
1073 1223 1220 1269 dicere
1253 1223 1381 1285 quod
1421 1222 1613 1270 adessent
1644 1222 1695 1268 ὅτ
1717 1221 1920 1268 viderent
1957 1237 2050 1278 eos,
2081 1236 2231 1285 utque

241 1285 449 1333 referrem
473 1286 530 1333 de
554 1287 632 1334 suo
657 1287 767 1334 statu
804 1291 849 1335 in
884 1288 1017 1349 altera
1040 1290 1162 1342 vita;
1202 1287 1275 1333 sed
1301 1288 1447 1333 dicere
1469 1287 1556 1333 illis
1578 1288 1628 1332 &
1653 1286 1856 1341 revelare,
1897 1288 2024 1347 quod
2047 1287 2105 1334 fic
2129 1289 2228 1345 visi,

221 1352 356 1398 *mihi
381 1353 671 1398 interdictum
694 1364 801 1408 erat,
834 1354 971 1399 etiam
993 1367 1052 1399 ex
1072 1368 1122 1399 ea
1143 1351 1285 1408 causa,
1325 1353 1464 1416 quod
1475 1351 1681 1397 dixiffent
1713 1366 1787 1396 me
1817 1350 2015 1406 insanire,
2051 1364 2128 1399 aut
2148 1367 2228 1400 co·

240 1417 495 1480 giraviffent
518 1417 672 1464 deliria
695 1417 835 1464 animi
857 1418 956 1473 effe,
990 1418 1096 1480 quia
1117 1430 1288 1465 notum
1306 1416 1419 1463 mihi
1442 1414 1544 1473 fuit,
1568 1416 1694 1479 quod
1719 1416 1894 1462 tametsi
1914 1432 1990 1463 ore
2011 1417 2227 1476 dicerent,

216 1482 382 1546 ·usque
420 1482 559 1530 corde
602 1499 694 1530 non
734 1483 980 1540 crederent,
1027 1483 1123 1530 dari
1169 1483 1365 1546 spir-itus,
1411 1498 1462 1530 ac
1499 1495 1703 1529 mortuos
1749 1481 2022 1529 resurrexifle
2059 1484 2110 1531 &
2147 1485 2229 1532 effi:

218 1550 356 1596 ·inter
379 1548 575 1612 spiritus,
611 1550 660 1595 &
684 1550 765 1596 hos
789 1550 942 1596 videre
975 1551 1023 1596 δε
1052 1549 1204 1597 audire
1227 1549 1347 1610 pofl‘e
1368 1565 1447 1624 per
1468 1548 1719 1595 hominem.
1789 1549 1991 1611 Qando
2024 1551 2142 1611 prim
2130 1566 2227 1598 um

220 1614 371 1661 *milri
390 1626 568 1677 apertus
604 1613 691 1662 fuit
708 1614 832 1661 visus
869 1616 1069 1670 interior,
1103 1621 1164 1660 ac
1202 1615 1268 1660 illi
1305 1616 1386 1676 qui
1425 1616 1471 1659 in
1505 1614 1638 1659 altera
1660 1614 1755 1658 vita
1792 1628 1873 1673 per
1908 1615 2062 1660 oculos
2101 1631 2227 1663 meos

221 1679 456 1727 'viderunt
472 1680 727 1737 mundum,
750 1681 800 1727 δε
822 1695 929 1743 quae
952 1681 998 1726 in
1025 1680 1201 1726 mundo
1215 1691 1360 1734 erant,
1397 1679 1456 1724 ita
1478 1676 1772 1740 obstupefaffi
1796 1676 1912 1733 sunt,
1956 1692 2006 1724 ut
2027 1680 2226 1728 dicerent

219 1745 329 1792 hoc
353 1745 623 1792 miraculum
649 1746 969 1793 miraculorum
992 1745 1091 1801 effe,
1129 1746 1177 1792 &
1202 1743 1348 1792 affecti
1371 1742 1472 1789 sunt
1493 1759 1615 1794 novo
1639 1743 1823 1805 gaudio,
1863 1746 1987 1806 quod
2011 1745 2072 1791 fic
2088 1762 2226 1794 com-

219 1812 489 1858 municatio
522 1811 700 1857 daretur
735 1823 866 1858 terrae
889 1826 998 1857 cum
1022 1809 1163 1866 coelo,
1203 1825 1253 1856 ac
1290 1809 1399 1855 coeli
1439 1825 1547 1856 cum
1587 1822 1729 1864 terra,
1775 1809 1836 1855 ast
1875 1810 1961 1856 hoc
2000 1812 2223 1888 gaudium

239 1875 494 1940 persistebat
517 1892 596 1940 per
621 1876 821 1923 menses·
808 1898 825 1933 3
869 1875 943 1924 fed
983 1875 1223 1940 postquam
1264 1873 1479 1923 familiare
1519 1873 1688 1921 fafitum
1713 1874 1793 1930 est,
1835 1890 1956 1921 nunc
1990 1877 2101 1922 nihil
2137 1879 2224 1924 mi-

217 1949 406 1990 Q-rantur
476 1942 722 1989 Instructus
761 1941 896 2023 sum,
925 1942 1051 2006 quod
1089 1942 1280 2004 Spiritus
1321 1943 1370 1988 &
1406 1941 1576 2016 Angeli
1615 1941 1733 2015 apud
1781 1939 1888 1987 alios
1927 1941 2131 1989 homines
2169 1959 2227 1990 ne

215 2007 384 2055 'hilum
408 2008 591 2055 videant
612 2023 720 2071 quae
741 2009 788 2054 in
813 1996 1005 2064 miindo,
1041 2007 1112 2055 sed
1139 2007 1282 2054 modo
1303 2007 1551 2069 percipiant
1584 2007 1877 2068 cogitationes
1900 2007 1949 2052 δε
1973 2007 2227 2055 affectiones

216 2073 418 2131 teorum,
457 2074 580 2136 apud
603 2090 719 2150 quos
741 2073 856 2122 sunt.
893 2073 1000 2121 Ex
1023 2074 1091 2120 his
1115 2073 1310 2125 constare
1334 2073 1501 2134 potuit,
1540 2073 1666 2134 quod
1693 2071 1832 2128 homo
1869 2072 1929 2117 ita
1961 2084 2130 2118 creatus
2153 2073 2223 2129 fit,

223 2153 294 2194 ‚ut
332 2156 441 2187 cum
466 2140 582 2186 vivit
619 2142 664 2186 in
697 2141 874 2187 mundo
908 2140 1023 2187 inter
1056 2140 1277 2196 homines,
1324 2138 1458 2184 fimul
1495 2138 1628 2184 etiam
1669 2139 1840 2190 viveret
1876 2138 1922 2183 in
1948 2138 2072 2184 coelo
2110 2140 2225 2185 inter

218 2206 442 2268 *an-gelos,
480 2207 533 2253 &
556 2202 765 2262 vicissim,
802 2205 861 2253 fic
897 2217 947 2252 ut
970 2205 1161 2252 Coelum
1197 2206 1247 2252 ὅτ
1273 2204 1482 2251 Mundus
1513 2203 1636 2266 apud
1668 2202 1900 2249 hominem
1938 2202 2068 2248 fimul
2091 2203 2224 2252 essent

236 2271 291 2318 δε
316 2287 462 2319 unum
492 2284 688 2334 agerent,
728 2271 961 2319 &scirent
984 2272 1187 2319 homines
1209 2270 1323 2334 quid
1348 2271 1394 2316 in
1418 2268 1571 2324 Coelo
1607 2269 1657 2315 &
1682 2269 1852 2330 Angeli
1876 2268 1988 2343 quid
2016 2269 2059 2314 in
2089 2285 2223 2315 mun-

232 2337 339 2391 ‘d0·,
380 2340 428 2383 &
454 2352 560 2382 cum
588 2338 792 2383 homines
816 2338 1055 2405 decedunt,
1097 2338 1330 2383 transirent
1366 2335 1425 2381 fic
1452 2350 1475 2381 e
1498 2336 1666 2396 Regno
1688 2334 1879 2379 Domini
1917 2336 1964 2380 in
1987 2335 2140 2381 Terris
2174 2337 2223 2381 in

241 2403 462 2464 Regnum
482 2403 709 2449 Domini'
701 2418 745 2447 m
769 2402 931 2458 coelis,
971 2404 1063 2448 nou
1101 2401 1214 2448 ficut
1251 2402 1296 2447 in
1336 2400 1475 2455 aliud,
1516 2398 1589 2445 sed
1626 2398 1740 2444 ficut
1776 2400 1823 2443 in
1862 2398 2005 2453 idem,
2045 2400 2091 2444 in
2129 2415 2225 2462 quo

218 2469 378 2514 ¹-etiam
422 2467 606 2514 fuerunt
641 2484 749 2514 cum
771 2469 986 2514 vixerunt
1010 2468 1063 2514 in
1076 2474 1290 2530 'corpore-
1279 2501 1294 2522 ,
1336 2464 1410 2512 sed
1431 2465 1536 2569 quia
1558 2465 1698 2511 horno
1725 2464 1787 2510 ita
1809 2478 2049 2526 corporeus
2083 2463 2224 2512 fastus

224 2533 322 2590 est,
360 2533 440 2580 fibi
463 2534 652 2580 Coelutn
691 2525 857 2582 clausit
972 2544 974 2546 '
2177 2554 2182 2560 ·

317 2600 420 2662 136.
457 2600 645 2646 Ultimo
658 2599 883 2676 loquutus
906 2599 1004 2646 sum
1029 2614 1136 2657 cum
1162 2563 1404 2660 Spiritibus
1415 2597 1503 2659 qui
1530 2611 1586 2642 ex
1624 2595 1698 2641 illa
1721 2594 1906 2641 Tellure
1942 2594 2000 2641 de
2021 2595 2153 2642 variis
2174 2594 2221 2642 in

243 2665 391 2712 nostra
414 2665 615 2721 Tellure,
657 2667 883 2728 imprimis
914 2666 983 2718 de
1011 2681 1067 2712 eo
1103 2664 1228 2735 quod
1267 2664 1473 2710 Sclentiae
1507 2662 1578 2708 hic
1615 2661 1700 2707 fint
1735 2676 1840 2723 quae
1875 2677 1965 2707 non
2005 2661 2126 2718 alibi,
2172 2674 2223 2708 ut

244 2731 580 2787 Astronomica,
617 2731 921 2789 Geometrica,
963 2727 1246 2785 Mechanica,
1289 2729 1490 2791 Physica,
1525 2727 1763 2789 Chymica‚
1807 2727 2006 2783 Medica,
2038 2726 2220 2789 thica,

247 2795 590 2859 Philosophica;
632 2798 682 2844 &
719 2810 935 2859 praeterea
968 2800 1120 2853 ArteS‚
1156 2808 1269 2860 quae
1309 2811 1398 2842 non
1437 2794 1538 2840 alibi
1577 2794 1792 2855 cognitae,
1834 2805 1885 2838 ut
1922 2793 2077 2839 Naves
2112 2806 2220 2838 con·

244 2859 458 2917 struendi,
495 2863 682 2908 Metalla
712 2862 950 2930 fundendi,
988 2863 1205 2909 scribendi
1229 2860 1369 2924 super
1379 2861 1555 2915 chartis,
1581 2860 1629 2906 δι
1654 2859 1809 2905 eadem
1832 2857 2051 2920 vulgandi
2082 2857 2219 2917 typis,

216 2923 229 2926 ι’
246 2925 296 2970 δε
322 2922 380 2970 sic
404 2929 774 2975 communicandi
798 2945 906 2985 cum
931 2929 1068 2976 aliis
1058 2946 1102 2974 m
1114 2928 1328 2982 Tellure,
1370 2928 1502 2973 etiam
1539 2923 1862 2971 conservandi
1852 2939 1895 2969 m
1918 2922 2217 2984 posteritatem

246 2989 445 3035 millium
470 3006 705 3046 annorum,
742 2995 790 3040 δε
803 2995 939 3056 quod
978 2996 1037 3041 ita
1072 2994 1243 3040 facturn
1284 2993 1335 3039 fit
1375 3008 1481 3039 cum
1504 2991 1657 3043 Verbo
1695 2989 1821 3053 quod
1858 2987 2123 3042 aDomino‚
2167 2987 2217 3033 &

227 3055 372 3119 quod
398 3055 500 3104 ideo
526 3056 758 3104 Revelatio
790 3053 1036 3107 constanter
1063 3075 1243 3106 manens
1267 3058 1320 3104 fit
1354 3059 1399 3103 in
1424 3054 1569 3103 nostra
1590 3055 1787 3103 Tellure.

320 3137 426 3185 137.
464 3120 671 3168 Tandem
698 3124 809 3168 mihi
830 3124 1055 3171 ostensum
1077 3125 1139 3171 est
1165 3122 1396 3171 Infernum
1420 3119 1602 3169 illorum
1631 3122 1711 3183 qui
1743 3119 1798 3165 ab
1820 3116 1890 3164 illa
1913 3115 2115 3173 Tellure,
2154 3116 2218 3163 illi

2139 3184 2220 3245 qui
