2508 3432
286 156 413 218 104
616 157 729 201 1111
815 157 1077 201 nova
1159 136 1954 228 Humgzosomm-

275 258 369 312 illo,
409 274 466 302 n:
499 256 638 319 8969.
711 259 808 320 Qi
852 258 1064 307 meritum
1106 271 1294 322 ponunt⁴
1323 258 1367 307 in
1405 259 1633 323 operibus,
1668 261 1793 322 quod
1832 278 1921 310 non
1960 265 2122 325 possint
2142 282 2259 331 pug-

279 340 378 368 nare
418 334 572 368 contra
613 322 744 378 mala,
779 324 884 387 quia
924 338 1130 388 pugnant
1168 341 1225 372 ex
1262 326 1460 388 proprio,
1498 326 1546 373 δε
1588 342 1676 372 11011
1710 330 1982 388 permittunt
2005 325 2263 381 Dominum

283 403 479 450 pugnare
529 403 610 450 pro
657 388 757 444 iilis,
810 407 876 438 n:
905 394 1047 454 9978.
1119 391 1265 456 Qod
1306 406 1427 454 aegre
1470 390 1619 438 salvari
1660 407 1842 454 queant,
1889 396 1968 458 qui
2001 397 2190 447 credunt
2225 397 2272 446 st.

283 471 358 515 psi·
385 455 645 501 tentationes
673 455 874 502 meruisse
897 457 1087 512 coelum,
1127 471 1183 503 n:
1207 473 1349 520 2273.

349 520 493 582 Qod
534 521 760 567 Dominus
799 537 892 569 non
934 534 1091 578 tentet,
1146 522 1214 569 sed
1253 523 1423 578 liberet,
1476 523 1523 570 &
1563 522 1746 570 inducat
1790 523 1980 582 bonum,
2029 544 2094 577 n:
2124 531 2265 592 2768.

282 586 425 648 Quid
454 587 744 634 Tentationes
766 600 1004 651 appareant
1028 587 1139 635 sicut
1163 605 1188 636 a
1211 590 1400 644 Divino,
1436 603 1542 635 cum
1579 603 1727 636 tamen
1760 606 1848 638 non
1882 592 1996 649 sunt,
2035 611 2091 642 n:
2118 612 2264 662 4299.

280 651 539 715 Qomodo
579 653 844 715 intelligitur
880 655 923 701 in
967 655 1187 702 Oratione
1228 656 1469 702 Dominica
1509 671 1604 716 per,
1641 656 1715 702 Ne
1755 658 1936 705 inducas
1978 675 2057 706 nos
2091 662 2143 707 inv
2169 674 2265 721 ten,-

278 719 485 773 tationeS,
535 717 591 764 ab
630 721 917 781 experientia,
969 737 1032 767 n:
1063 725 1200 783 1875.
1271 721 1416 784 Qod
1457 721 1684 767 Dominus
1729 722 1774 768 in
1809 726 2135 782 tentationibus
2172 718 2266 776 *non

279 795 514 830 concurrat
539 785 862 848 permittendo,
898 784 1142 834 secundum
1181 786 1327 835 ideam
1365 801 1502 849 quam
1544 785 1685 833 homo
1717 787 1847 836 habet
1871 791 1936 846 *de
1966 793 2264 854 permistione,

280 865 309 895 n
338 868 346 895 :
376 855 517 913 2768.
670 866 675 870 ’
896 878 903 880 e
1806 881 1813 885 -
2225 883 2293 910 s·-

346 916 491 980 Qod
527 917 574 962 in
606 916 734 964 omni
759 917 1029 966 Tentatione
1052 917 1104 966 fit
1128 918 1337 976 liberum,
1373 918 1546 966 tametsi
1583 934 1672 967 non
1715 919 1773 965 ita
1811 934 2010 983 apparet,
2048 921 2120 969 sed
2143 923 2269 985 quod

278 980 325 1027 id
369 983 560 1030 liberum
603 982 654 1029 fit
693 984 874 1031 interius
907 985 1034 1048 'apud
1076 985 1307 1032 hominem
1347 1001 1372 1031 a
1407 985 1630 1040 Domino,
1683 986 1726 1031 δι
1772 989 1897 1048 quod
1943 988 2045 1034 ideo
2092 1003 2271 1051 pugnet

277 1048 328 1094 &
368 1049 477 1095 velit
514 1049 707 1105 vincere,
741 1051 792 1097 δε
833 1065 923 1097 11011
962 1051 1100 1107 vinci,
1135 1051 1261 1114 quod
1301 1050 1461 1113 absque
1503 1051 1640 1097 libero
1682 1067 1770 1098 non
1812 1050 1989 1109 faceret,
2026 1070 2091 1101 n:
2125 1070 2263 1118 1937.

283 1129 422 1177 1947.
452 1117 592 1164 2881.
630 1115 806 1174 ·Quod
833 1117 1062 1170 Dominus
1100 1133 1179 1180 per
1218 1116 1497 1164 affeffionem
1538 1117 1631 1163 veri
1671 1117 1719 1162 &
1759 1116 1862 1162 boni
1904 1115 2271 1180 impressamJIn-·

277 1190 406 1227 terno
445 1181 619 1228 homini
659 1182 707 1228 id
745 1180 893 1238 faciat,
922 1182 1066 1230 ,inscio
1107 1183 1304 1239 homine,
1341 1198 1408 1229 n:
1435 1197 1577 1244 5044.
1609 1210 1613 1213 -
1650 1181 1772 1227 Nam
1809 1198 1945 1229 omne
1980 1184 2170 1230 liberum
2204 1185 2269 1233 est

250 1244 524 1326 ‘affeffionis
547 1246 619 1295 seu
641 1248 823 1305 amoris,
860 1248 910 1295 ὅτ
934 1247 1179 1296 secundum
1212 1249 1342 1312 quale
1375 1245 1488 1311 ejus,
1524 1263 1552 1295 n
1573 1266 1583 1295 ε
1608 1252 1751 1310 2870.
1779 1253 1923 1311 3158.
1952 1253 2092 1312 8907.
2120 1255 2268 1314 8990.

280 1314 426 1374 9585-
490 1330 516 1375 5
562 1332 598 1364 1·
2128 1333 2167 1354 -'
2347 1322 2352 1326 '

348 1331 483 1426 201.9
513 1332 583 1428 1931
614 1379 934 1429 Tentationibus
964 1381 1154 1431 Domini.
1225 1378 1372 1443 Qod
1413 1379 1644 1426 Dominus
1680 1395 1775 1442 prae
1818 1379 2029 1427 omnibus
2068 1383 2271 1443 graviffiv

278 1456 376 1489 mas
401 1445 693 1492 &immanes
717 1447 1008 1492 Tentationes
1033 1445 1298 1500 sustinuerit,
1333 1460 1439 1506 quae
1472 1460 1632 1507 parum
1669 1444 1902 1506 descriptae
1936 1445 2035 1493 sunt
2069 1448 2113 1493 in
2148 1447 2269 1494 sensu

275 1508 417 1555 literae
446 1509 604 1566 Verbi,
655 1509 728 1555 sed
765 1510 968 1564 multum
1004 1510 1067 1556 in.
1089 1508 1210 1563 senfu
1252 1510 1443 1564 interno,
1496 1525 1561 1556 n:
1597 1509 1732 1569 1663.
1771 1511 1908 1556 1668.
1946 1516 2085 1574 1787.
2124 1516 2268 1578 2776.

279 1573 420 1636 2786.
451 1590 593 1640 2795.
623 1579 764 1634 2814.
791 1578 936 1639 9528.
1006 1575 1151 1633 Quod
1193 1575 1425 1623 Dominus
1468 1590 1523 1621 ex
1560 1575 1732 1620 Divino
1763 1583 1932 1622 Amore
1972 1592 2077 1639 erga
2119 1591 2271 1627 totum

275 1639 435 1687 Genus
475 1642 746 1696 humanum,
794 1642 1081 1702 pugnaverit,
1129 1655 1195 1685 n:
1227 1644 1364 1702 1690.
1404 1639 1541 1702 1691.
1575 1643 1712 1686 1812.
1746 1644 1886 1699 ¹813¹
1915 1643 2053 1687 1820.
2125 1645 2270 1701 Quod

207 1728 212 1732 -
275 1705 469 1752 Domini
493 1708 646 1753 Amor
681 1703 817 1751 fuerit
857 1705 967 1751 salus
1001 1705 1190 1751 Generis
1226 1704 1427 1759 humani,
1450 1719 1529 1753 tn:
1564 1708 1701 1750 1820.
1772 1704 1917 1766 Qod
1948 1705 2176 1754 Dominus
2214 1726 2271 1757 ex

192 1797 206 1802 —
275 1772 458 1834 propria
493 1771 694 1835 potentia
728 1769 1015 1834 pugnaverit,
1067 1786 1129 1816 n:
1162 1770 1299 1831 1692.
1341 1770 1479 1831 1813.
1517 1784 1663 1832 9937.
1736 1768 1883 1832 Qod
1925 1770 2152 1819 Dominus
2191 1791 2272 1837 per

276 1839 540 1885 tentationes
579 1838 629 1885 δε
664 1837 872 1884 1716101123
908 1850 965 1882 ex
1001 1835 1181 1899 propria
1223 1838 1422 1898 potentia
1461 1833 1642 1895 Justitia
1688 1835 1736 1880 &
1776 1835 2000 1883 Meritum
2037 1835 2179 1885 fa&us
2216 1841 2270 1889 fit

270 1900 409 1960 solus,
445 1920 511 1951 n:
546 1906 684 1967 1813.
714 1918 858 1964 2025.
895 1902 1038 1950 2026.
1078 1916 1221 1964 2027.
1265 1915 1406 1963 9715.
1449 1903 1593 1964 9809.
1626 1915 1795 1964 10019.
1867 1903 2013 1966 Qod
2036 1905 2268 1954 Dominus

275 1984 358 2032 per
379 1966 675 2017 Tentationes
711 1968 908 2015 univerit
931 1966 1087 2030 Ipsum
1109 1967 1353 2021 Divinum,
1390 1967 1516 2029 quod
1554 1964 1640 2012 fuit
1679 1967 1726 2011 in
1766 1967 1824 2013 Se
1862 1983 1918 2013 ex
1954 1973 2265 2033 conceptione,

278 2034 505 2084 Humano
525 2034 620 2092 suo,
656 2036 705 2083 &
733 2035 821 2083 hoc
853 2032 1008 2082 fecerit
1029 2033 1290 2087 Divinum3
1328 2032 1436 2078 ficut
1469 2030 1703 2078 hominem
1745 2047 1823 2094 per
1861 2035 2123 2100 tentationes
2163 2036 2270 2086 facit

274 2099 567 2164 spiritualem,
605 2118 671 2149 n:
702 2115 843 2164 1725.
876 2115 1184 2163 17291733.
1218 2114 1354 2161 1737.
1375 2101 1527 2161 3318,
1556 2099 1699 2160 3381.
1739 2100 1882 2160 3382.
1909 2103 2055 2157 4286.
2126 2103 2268 2160 Quod

277 2167 470 2216 Domini
493 2169 755 2216 tentationes
778 2168 914 2214 etiam
938 2166 983 2213 in
1008 2165 1096 2212 fine
1132 2164 1369 2212 habuerint
1402 2162 1774 2226 desperationem,
1811 2179 1839 2209 n
1866 2182 1876 2210 :
1910 2170 1996 2227 178
2008 2179 2050 2227 7.
2122 2167 2269 2231 Qod

277 2234 508 2282 Dominus
549 2250 629 2298 per
669 2234 962 2295 Tentationes
1001 2233 1047 2279 in
1085 2231 1125 2278 se
1162 2230 1366 2278 admiffas
1405 2227 1712 2293 subjugaverit
1750 2227 1942 2286 Inferna,
1976 2246 2027 2277 ac
2050 2231 2271 2296 redegerit

277 2299 342 2347 ibi
378 2302 427 2349 &
463 2302 510 2348 in
547 2300 678 2348 coelis
713 2301 866 2347 omnia
910 2299 957 2345 in
1000 2299 1226 2353 ordinem,
1278 2298 1327 2345 &
1372 2294 1504 2343 simul
1543 2294 1827 2369 Humanum·
1865 2294 1996 2342 suum
2042 2297 2268 2360 glorifica-

277 2367 409 2423 verit,
445 2383 474 2414 n
501 2386 515 2414 τ
545 2382 683 2430 1737.
725 2368 870 2428 4287.
911 2380 1058 2428 9397.
1097 2366 1242 2427 9528.
1285 2375 1431 2426 9937.
1502 2360 1647 2424 Qod
1687 2361 1917 2407 Dominus
1957 2360 2073 2410 solus
2113 2379 2269 2414 contra

275 2435 432 2480 omnia
471 2430 649 2489 Inferna
684 2431 970 2494 pugnaverit,
1005 2446 1068 2476 n:
1097 2432 1239 2491 8273.
1309 2425 1454 2491 Qod
1478 2425 1583 2474 inde
1605 2426 1653 2472 in
1676 2423 1717 2474 se
1738 2425 1967 2484 admiserit
1986 2431 2266 2492 tentationes,

276 2514 340 2547 n:
369 2499 511 2548 2816.
575 2513 596 2545 2
671 2532 682 2545 .
1262 2536 1266 2537 ⁷

343 2565 491 2625 Quod
526 2513 758 2620 3019115inus
795 2579 888 2611 non
926 2562 1125 2627 potuerit
1162 2559 1320 2608 tentari
1365 2557 1518 2624 quoad
1558 2557 1800 2615 Divinum,
1844 2559 2059 2621 quoniam
2100 2561 2268 2614 inferna

277 2630 502 2678 Divinum
542 2629 730 2694 aggredi
769 2645 859 2678 non
899 2629 1096 2694 poss'unt,
1131 2626 1260 2691 quod
1300 2625 1403 2672 ideo
1434 2623 1676 2671 affumserit
1703 2627 1973 2685 Humanum
2011 2642 2068 2674 ex
2107 2642 2265 2687 matre,

279 2695 364 2743 tale
398 2697 522 2760 quod
562 2697 721 2744 tentari
758 2697 924 2760 potuit,
962 2712 992 2742 n
1019 2713 1030 2742 ε
1061 2710 1198 2755 1414.
1231 2707 1370 2752 1444.
1402 2706 1539 2755 1573.
1575 2706 1718 2751 5041.
1760 2707 1903 2755 5157.
1944 2707 2085 2758 7193.
2120 2712 2263 2760 93¹5·

277 2761 426 2822 Quod
462 2779 543 2826 per
563 2763 855 2811 Tentationes
890 2763 942 2811 &
961 2760 1184 2810 ViCtorias
1220 2758 1441 2822 expulerit
1472 2772 1609 2804 omne
1648 2757 1979 2805 haereditarium
2012 2775 2068 2806 ex
2109 2775 2265 2819 matre,

276 2827 330 2875 δε
370 2830 539 2875 exuerit
573 2830 849 2876 Humanum
893 2845 951 2876 ex
994 2828 1082 2884 illa,
1132 2825 1271 2890 usque
1314 2824 1496 2872 tandem
1539 2833 1591 2869 ut
1631 2823 1827 2886 'amplius
1872 2840 1964 2871 non
2009 2825 2127 2872 filius
2169 2826 2265 2889 ejus

277 2893 399 2950 esset,
446 2910 476 2939 n
502 2893 511 2940 ὲ
541 2909 682 2958 2159.
722 2911 865 2959 2574.
903 2895 1049 2956 2649.
1091 2893 1232 2956 3036.
1266 2896 1435 2952 10829.
1505 2888 1649 2953 Qod
1686 2888 1925 2957 jehovah„
1945 2891 2042 2948 Qui
2081 2893 2126 2937 in
2162 2893 2265 2956 Ipso

278 2974 340 3006 ex
375 2961 684 3022 conceptione,
731 2962 777 3006 in
817 2960 1133 3008 tentationibus
1168 2959 1419 3023 apparuerit
1455 2954 1567 3002 ficut
1600 2953 1764 3012 absens,
1808 2972 1876 3003 n:
1910 2959 2043 3017 1815·
2115 2958 2262 3023 Qod

275 3025 330 3076 id
370 3025 503 3074 fuerit
543 3024 676 3073 status
717 3025 1037 3076 humiliationis
1067 3025 1226 3091 Ipsius,
1263 3041 1329 3074 n:
1359 3026 1497 3089 1785.
1542 3038 1679 3089 1999.
1719 3038 1861 3088 2159.
1903 3022 2045 3072 6866.
2116 3023 2265 3137 (ἓιοά

546 3107 572 3154 3
2104 3104 2134 3138 u
2175 3106 2280 3140 ima]
