2502 3432
571 171 710 236 ET
755 166 1345 233 BABYLONIA
1391 147 2068 233 DEsTRUcTA.
2220 183 2306 258 5η

213 327 223 332 ’
321 302 428 351 fac'ti
461 302 579 359 sunt,
610 302 662 350 ὅτ
692 299 843 364 quoad
881 297 1133 360 plurimam*
1158 308 1331 359 partem
1370 312 1428 343 ex
1461 296 1545 344 iuis
1582 298 1668 360 qui
1698 312 1789 345 non
1811 295 1984 359 Ange-li
2013 292 2110 342 fieri
2142 304 2307 358 potue·

320 381 458 418 runt:
491 368 677 432 quinam
712 365 776 412 illi
812 362 1011 418 fuerunt,
1047 365 1096 408 δι·
1126 363 1294 426 quales,
1330 363 1376 408 in
1400 361 1683 424 sequentibus
1715 363 1919 410 dicetur:
1957 361 2004 409 id
2030 359 2219 408 Coelum
2241 358 2310 407 est:

319 435 378 482 de
417 447 510 496 quo
543 433 711 479 dicitur
745 429 871 492 quod
911 428 1148 476 transierat.
1215 428 1271 475 Id
1311 440 1496 475 vocatur
1531 427 1742 482 Coelurn,
1791 429 1898 489 quia
1942 427 2005 474 illi
2044 427 2124 490 qui
2163 427 2209 473 in
2248 440 2308 472 eo

317 497 512 552 fuerunt,
548 499 595 543 in
618 496 732 543 Alto
754 494 887 558 super
907 496 1044 557 petris
1067 498 1116 543 δι
1141 494 1370 542 montibus
1402 492 1641 548 consociati
1674 493 1912 554 degerunt,
1947 493 1995 539 &
2022 493 2067 538 in
2083 491 2302 556 jucundis

316 562 582 612 naturalium
621 560 856 616 similibus,
891 560 966 607 fid
987 559 1195 623 usquein
1217 559 1351 606 nullis
1374 558 1705 623 spiritualibus·,
1741 572 1845 604 nam
1880 557 2095 619 plerique,
2130 559 2209 620 qui
2245 573 2309 605 ex.

314 630 439 677 terris
461 629 508 674 in
529 627 768 674 Mundum
791 626 1062 690 spiritualem
1087 627 1294 682 veniunt,
1330 626 1519 672 credunt
1542 626 1587 671 in
1613 623 1751 671 Coelo
1774 623 1857 670 effe
1880 638 1988 669 cum
2014 625 2058 668 in
2083 623 2214 679 Alto,
2249 624 2301 670 &t

314 695 361 743 in
383 692 551 741 coelesti
576 693 747 755 gaudio
767 708 877 740 cum
901 694 947 739 in
972 690 1188 755 jucundis
1224 692 1512 755 in-qualibus
1547 690 1730 738 fuerunt
1767 690 1818 735 iu
1850 687 2055 736 mundo:
2091 688 2194 734 inde
2216 688 2300 745 est,

303 759 438 823 quod
461 760 508 805 id
530 770 743 806 vocatum
767 759 821 806 fit
844 758 1052 815 Coelum,
1088 757 1159 805 sed
1184 758 1372 805 Coelum
1396 759 1600 822 primum
1633 756 1758 819 quod
1784 754 1999 802 transiret.

372 825 458 889 67.
493 822 637 871 Porro
672 823 901 872 sciendum
938 824 1019 880 est,
1053 825 1179 887 quod
1217 824 1305 872 hoe
1329 825 1539 880 Coelum,
1572 822 1698 886 quod
1719 833 1910 881 ¹vocatur
1938 821 2169 877 Primum,
2206 835 2302 867 non

307 889 440 939 fuerit
478 891 534 951 ab
569 890 807 953 aliquibus,
840 891 920 954 qui
948 894 1059 937 'ante
1094 889 1341 938 adventum
1375 890 1568 937 Domini
1608 890 1654 935 in
1693 889 1921 936 mundum
1957 888 2185 944 vixerunt,
2221 885 2296 933 sed

308 963 469 1004 o‘mnes
503 958 559 1003 ab
597 957 684 1004 illis
718 959 799 1020 qui
836 956 937 1020 post
972 957 1219 1004 adventum
1258 956 1401 1020 Ipfius
1424 979 1440 1012 ;
1490 971 1615 1012 nam,
1665 967 1717 1001 ut
1751 953 1879 1017 supra
1922 970 1953 999 n
1987 972 1998 1001 :
2038 970 2096 1016 33
2137 953 2194 999 ad
2234 969 2300 1016 39

306 1022 528 1070 ostensum
565 1022 646 1078 est,
680 1025 727 1070 in
764 1022 853 1070 fine
886 1020 1082 1086 cujusvis
1114 1022 1328 1070 Ecclefiae
1364 1023 1419 1069 fit
1454 1021 1672 1072 ultimum
1695 1020 1950 1082 Judicium,
1986 1021 2035 1066 &
2060 1032 2168 1066 tunc
2191 1019 2302 1066 abo-

305 1087 415 1136 litur
447 1091 572 1152 prius
594 1089 803 1145 Coelum,
840 1091 887 1137 δε
926 1100 1097 1136 creatur
1137 1088 1210 1136 seu
1249 1088 1473 1137 formatur
1511 1104 1724 1143 novum3
1758 1103 1783 1134 a
1818 1085 2044 1150 principio
2076 1086 2198 1132 enim
2237 1084 2296 1131 ad

307 1155 445 1202 finem
469 1154 683 1202 Ecclefiae
704 1155 878 1214 tolerati
899 1154 1002 1202 sunt
1022 1170 1183 1203 omnes
1221 1157 1303 1218 qui
1340 1157 1389 1202 in
1413 1154 1578 1202 Morali
1600 1155 1694 1201 vita
1726 1166 1926 1209 externa,
1959 1153 2009 1200 &
2032 1152 2113 1214 qui
2135 1152 2183 1198 in
2206 1152 2298 1198 Pio

309 1221 359 1266 ὅτ.
389 1221 552 1267 Sancto
588 1233 773 1268 externo
805 1221 1035 1277 vixerunt,
1084 1223 1259 1269 tametsi
1298 1223 1345 1269 in
1385 1221 1513 1269 nullo
1554 1221 1747 1276 interne,
1797 1220 1941 1266 modo
1979 1219 2151 1266 interna
2189 1232 2297 1279 quae

307 1283 410 1330 sunt
432 1287 758 1346 cogitationum
783 1287 1156 1333 &intentionum
1178 1289 1224 1333 in
1244 1288 1438 1335 vinculis
1470 1288 1608 1335 teneri
1641 1286 1870 1350 potuerint
1903 1300 1984 1349 per
2018 1284 2140 1346 leges
2163 1282 2298 1330 socie-

306 1350 409 1397 tatis
446 1350 601 1397 civiles
638 1352 688 1397 &
725 1351 945 1406 morales,
995 1351 1070 1397 sed
1104 1353 1151 1397 in
1186 1351 1277 1399 fine
1311 1353 1526 1399 Ecclefiae
1565 1364 1829 1414 reteguntur
1865 1353 2050 1405 interna,
2098 1351 2148 1396 &
2186 1361 2296 1395 tunc

307 1414 437 1479 [uper
475 1416 573 1462 illos
613 1415 666 1462 fit
688 1415 940 1475 Judicium.
1008 1415 1121 1462 Inde
1153 1415 1234 1472 est,
1267 1417 1394 1479 quod
1419 1417 1656 1463 Ultimum
1680 1417 1916 1476 Judicium
1957 1415 2086 1477 super
2126 1414 2293 1461 habita-

308 1480 483 1529 toribus
511 1478 643 1543 hujus
675 1481 875 1528 Telluris
909 1481 978 1527 bis
1012 1482 1137 1544 prius
1174 1479 1346 1528 factum
1386 1482 1455 1538 fit,
1489 1482 1541 1530 δε
1578 1497 1699 1528 nunc
1740 1482 1888 1537 tertie,
1924 1481 2128 1526 videatur
2166 1479 2295 1542 supra

309 1562 341 1593 n
362 1564 373 1592 ε
392 1549 477 1604 46,
510 1548 571 1593 im
591 1562 775 1607 quoque
796 1546 864 1592 bis
883 1547 1009 1608 prius
1033 1547 1220 1594 Coelum
1243 1563 1352 1594 cum
1368 1559 1490 1594 *terra
1512 1548 1788 1602 transiverat,
1821 1563 1872 1593 ac
1900 1561 2075 1593 novum
2100 1545 2295 1592 Coelum

305 1622 414 1657 cum
437 1626 556 1656 nova
577 1611 720 1656 Terra
742 1621 940 1656 creatum
963 1610 1055 1664 est3
1090 1611 1283 1657 Coelum
1315 1612 1439 1656 enim
1473 1609 1524 1657 ac
1547 1614 1691 1658 Tetra
1711 1610 1814 1656 sunt
1835 1610 2034 1656 Ecclefia
2054 1611 2294 1666 utrobivis,

302 1685 357 1722 ut
390 1674 521 1736 supra
550 1690 619 1721 n:
650 1690 669 1721 1
708 1674 763 1721 ad
801 1691 830 1736 5
866 1673 1090 1722 ostensum
1125 1674 1203 1722 est.
1274 1675 1384 1722 Inde
1422 1688 1562 1738 patet,
1609 1675 1736 1738 quod
1774 1675 1971 1722 Novum
2012 1675 2201 1722 Coelum
2242 1677 2291 1723 &

300 1741 443 1788 Nova
468 1741 628 1796 Terra,
662 1755 769 1803 quae
809 1752 1117 1787 memorantur
1149 1739 1270 1804 apud
1292 1743 1541 1804 Prophetas
1562 1742 1739 1789 Veteris
1760 1740 2059 1797 Testamenti,
2094 1757 2184 1788 non
2210 1741 2294 1789 sint

298 1807 348 1853 id
370 1807 565 1853 Novum
588 1807 778 1853 Coelum
801 1806 850 1854 δε
874 1807 1012 1854 Nova
1032 1808 1175 1854 Terra
1205 1822 1313 1870 quae
1336 1819 1646 1856 memorantur
1669 1809 1716 1855 in
1738 1806 2033 1871 Apocalypfi,
2070 1805 2141 1853 sed
2165 1808 2292 1871 quod

302 1871 377 1919 illa
413 1870 656 1918 exstiterint
693 1888 719 1918 a
754 1873 964 1919 Domino
997 1888 1104 1920 cum
1146 1871 1232 1920 suit
1268 1874 1315 1920 in
1355 1875 1549 1930 mundo,
1586 1876 1636 1922 δι
1658 1873 1786 1938 quod
1809 1874 1897 1921 hoc
1921 1889 2042 1920 nunc
2075 1874 2132 1920 ab
2154 1873 2290 1937 Ipso:

300 1938 358 1984 de
397 1937 482 1984 illis
518 1938 639 2000 apud
671 1937 915 2001 Prophetas
937 1939 1113 1987 Veteris
1135 1938 1413 1988 Testamenti
1450 1941 1511 1987 ita
1545 1940 1727 2003 legitur,
1764 1944 1799 1966 “
1820 1942 1930 1988 Ecce
1953 1941 2047 2001 Ego
2071 1951 2291 1987 creaturus

291 2004 390 2066 sum
426 2003 579 2051 Caelum
612 2018 766 2051 novum
803 2005 859 2053 ὅ
895 2007 1072 2054 Terram
1111 2022 1285 2063 novam,
1333 2023 1406 2054 nec
1443 2007 1869 2054 commemorabuntur
1900 2007 2104 2067 priora,'’
2151 2005 2286 2052 Esai:

300 2084 429 2116 va:
461 2084 534 2133 17.
572 2071 622 2117 ὅτ
659 2070 780 2126 alibi,
817 2076 852 2098 “
875 2073 1027 2120 Coelum
1065 2088 1222 2121 novum
1256 2070 1312 2120 &
1334 2073 1512 2121 Terram
1550 2089 1704 2122 novam
1731 2072 1936 2134 faHurus
1963 2071 2114 2135 sum,''
2150 2071 2287 2119 Esai:

302 2150 422 2182 vai
444 2154 457 2183 ε
483 2150 571 2190 223
609 2149 771 2199 praeter
804 2138 925 2200 apud
949 2139 1201 2186 Danielem.

365 2203 443 2248 68.
479 2202 603 2261 Quia
643 2202 715 2250 hic
751 2219 871 2251 nunc
911 2206 1060 2267 agitur
1098 2207 1156 2253 de
1181 2207 1333 2254 Primo
1355 2206 1492 2255 Coelo
1530 2206 1656 2270 quod
1699 2203 1915 2261 tranfivit,
1950 2204 2001 2251 δε
2035 2217 2172 2250 nemo
2207 2203 2289 2250 ali-

296 2266 410 2327 quid
442 2267 499 2312 de
534 2283 590 2313 eo
624 2266 719 2324 scit,
753 2269 892 2316 velim
927 2272 1085 2318 ordine
1114 2270 1375 2329 describere,
1412 2274 1446 2319 Ι.
1472 2274 1682 2320 Primum
1705 2272 1894 2320 Coelum
1919 2287 1943 2317 a
1965 2270 2130 2333 quibus
2153 2269 2284 2317 exsti-

295 2342 420 2378 terat.
448 2360 451 2361 ν
486 2332 544 2377 ΙῘ.
582 2333 730 2391 Qale
752 2334 797 2377 id
822 2332 923 2380 fuit.
995 2337 1074 2381 111.
1113 2338 1372 2393 Quomodo
1394 2338 1614 2384 tranfivit.

366 2399 442 2457 69.
479 2397 671 2441 Primum
696 2397 844 2442 Caelum
883 2414 911 2442 a
948 2400 1096 2461 quibus
1131 2401 1357 2457 exstiterat.
1430 2402 1639 2446 Primum
1667 2400 1856 2445 Coelum
1881 2400 1937 2445 ab
1959 2398 2171 2445 omnibus
2195 2398 2286 2446 illis

297 2461 544 2507 conflatum
577 2459 656 2515 est,
692 2459 820 2523 super
848 2477 962 2524 quos
987 2463 1224 2511 Ultimum
1249 2464 1485 2524 Judicium
1526 2464 1589 2510 est
1624 2463 1813 2520 facium,
1850 2480 1941 2511 non
1962 2465 2085 2510 enirn
2110 2462 2284 2511 faeium

296 2525 359 2571 est
398 2525 527 2587 super
567 2525 667 2572 illos
705 2528 782 2588 qui
823 2527 867 2573 in
904 2527 1101 2585 Inferno,
1139 2546 1221 2576 nec
1257 2531 1385 2592 super
1417 2529 1516 2576 illos
1549 2531 1630 2592 qui
1664 2530 1710 2575 in
1730 2530 1887 2586 Coelo,
1923 2545 2004 2576 nec
2027 2529 2157 2592 super
2179 2530 2284 2578 illos

294 2592 375 2654 qui
411 2592 456 2636 in
497 2591 682 2638 Mundo
721 2592 975 2656 spirituum,
1010 2596 1067 2642 de
1106 2611 1202 2657 quo
1235 2596 1422 2643 Mundo
1459 2596 1664 2642 videatur
1701 2594 1747 2640 in
1782 2596 1935 2658 Opere
1969 2595 2026 2642 de
2051 2595 2189 2643 Coelo
2226 2597 2278 2644 &

293 2657 494 2711 1nferno,
530 2672 559 2701 n
584 2675 595 2703 z
620 2673 711 2715 421
751 2659 808 2704 ad
836 2674 966 2720 520³
1001 2662 1050 2707 ὅτ,
1087 2677 1178 2708 non
1218 2661 1346 2724 super
1382 2661 1534 2724 aliquo
1566 2661 1749 2708 homine
1787 2661 1934 2708 adhuc
1968 2661 2167 2719 vivente,
2200 2660 2301 2725 sed-

293 2722 437 2781 solum
474 2721 602 2785 super
637 2723 755 2786 iilos,
787 2727 864 2786 qui
899 2725 977 2782 fibi
1014 2727 1145 2772 instar
1184 2727 1290 2775 coeli
1330 2726 1546 2784 fecerunt,
1581 2742 1779 2792 quorum
1803 2719 2278 2791 &arbua-pala&

291 2784 397 2854 fug
402 2803 423 2833 r
460 2787 1052 2857 mqontibus-gg-petrisgvhi
1092 2794 1237 2854 etiam*
1266 2792 1366 2851 sunt
1403 2795 1485 2856 qui
1515 2788 1769 2842 aDomTrYo
1802 2793 2012 2843 intellecti
2053 2792 2157 2843 sunt
2194 2810 2278 2857 per

291 2854 498 2919 {iffi-10&
532 2869 646 2917 quos
684 2854 901 2915 statuita
934 2854 1148 2917 fiDiQIO}
1176 2854 1358 2905 Matth:
1399 2874 1529 2906 xxv:
1569 2874 1647 2922 32.
1683 2876 1743 2923 33
1785 2858 1887 2922 seq:
1925 2859 2031 2907 inde
2074 2859 2275 2907 constare

291 2919 451 2980 potest,
486 2919 610 2980 quod
643 2920 852 2966 Primum
887 2922 1074 2968 Coelum
1111 2922 1322 2970 exstiterit
1360 2939 1452 2971 non
1492 2925 1639 2973 modo
1673 2941 1698 2972 a
1731 2925 2004 2983 Christianis,
2041 2924 2113 2973 sed
2135 2927 2277 2973 etiam

290 2999 317 3030 a
349 2985 695 3031 Mahumedanis
732 2985 781 3031 δε
818 2987 1059 3043 Gentibu3‚
1094 3004 1291 3051 quorum
1331 3004 1488 3037 omnes
1528 2990 1830 3039 formaverant
1867 2992 1947 3039 fibi
1987 2991 2094 3039 tales
2130 2992 2276 3039 coelos

290 3049 340 3094 in
378 3049 463 3096 suis
502 3051 623 3098 locis.
693 3052 863 3114 Qales
900 3053 968 3099 illi
1004 3050 1203 3117 fuerunt,
1245 3058 1399 3119 paucis
1438 3057 1642 3109 dicetur:
1696 3055 1876 3106 fuerunt
1915 3059 1994 3122 qui
2039 3061 2084 3105 in
2123 3059 2277 3104 saneto

291 3126 471 3163 externo
494 3118 708 3165 vixerunt
729 3118 775 3165 in
800 3118 991 3177 munde,
1028 3121 1076 3168 &
1099 3119 1236 3184 usque
1260 3123 1305 3168 in
1331 3123 1457 3172 nullo
1480 3122 1630 3174 saneto
1653 3124 1860 3182 intern03
1897 3126 1944 3173 &
1969 3125 2045 3188 qui
2070 3137 2273 3189 propter,

1275 3187 1322 3235 G
1360 3206 1386 3242 2
2158 3191 2285 3251 leges
