2502 3432
615 115 2034 193 131-zjfu'sDocraruAcoans‘rr.
2192 134 2318 194 131

334 248 527 304 interno,
564 246 605 295 fe
638 245 793 293 habeat
822 244 933 297 licut
965 241 1259 309 projeffiones
1300 242 1433 303 rudes
1466 245 1639 294 circum
1665 245 1940 308 Cylindrum
1969 246 2177 309 opticum
2201 240 2322 307 poli·

334 329 452 371 turn,
486 330 543 360 ex
563 312 728 377 quibus
742 324 899 363 ttamen
933 310 980 355 in
1003 308 1229 371 Cylindro
1251 308 1413 355 fistitur
1445 310 1631 372 pulchra
1660 314 1816 377 imago
1839 310 2051 368 hominis,
2089 327 2119 358 n
2141 329 2152 359 :
2179 313 2318 371 1871.

335 380 654 445 Repraesentati
694 379 742 425 in¹
771 376 914 430 'altera'
940 375 1037 423 vita
1070 373 1153 431 illi,
1199 377 1279 438 qui
1318 374 1465 422 solum
1488 375 1679 437 ‘sensum
1718 379 1860 426 literae
1881 377 2021 425 Verbi
2063 377 2231 425 volunt·
2267 377 2320 424 δι

329 446 594 509 agnoscunt,
628 441 941 508 pei-Vetulam
966 439 1239 496 deformem,
1278 442 1358 506 qui
1396 454 1546 488 autem
1585 442 1719 489 simul
1741 443 1912 491 sensum
1954 447 2202 501 internum,
2238 459 2318 507 per

330 514 568 576 Virginem
591 511 750 556 decore
772 507 1004 563 amistam,
1046 523 1075 554 n
1098 525 1109 555 :
1136 522 1274 570 1774.
1346 508 1490 565 Quod
1513 507 1721 556 Verbum
1755 510 1802 556 in
1820 521 1940 558 .toto
1980 511 2225 574 complexu
2264 510 2318 556 fit

327 573 1408 705 2253,‚C53„3⁰3oe53ss⁰53}.5.st03320¹1„
1415 575 1722 704 ἕξὲῗῗὲψέῗι
1745 576 1973 689 &zm
1991 575 2317 688 {te‘ssmeofaffssf

326 711 476 774 speetu
502 708 614 756 ficut
637 710 791 769 imago
816 707 1028 763 hominis,
1068 723 1130 754 n:
1156 712 1295 771 1871.
1365 708 1510 767 Quod
1532 708 1724 756 Coelum
1759 709 1806 755 in
1846 724 1939 756 uno
1971 707 2217 771 complexu
2250 724 2316 755 re·

326 776 438 826 ferat
460 792 603 823 unum
631 775 881 830 hominem,
920 774 1128 821 videatur
1149 774 1194 819 in
1220 777 1373 837 Opere
1405 775 1463 821 de
1487 775 1621 822 Coelo
1643 775 1695 823 ὅτ
1717 773 1916 832 Inferno,
1952 792 1982 822 n
2006 792 2018 821 ε
2046 791 2109 838 59
2145 774 2202 820 ad
2238 775 2316 836 67.

324 843 389 891 Et
410 843 535 907 quod
554 842 777 888 Divinum
794 839 968 886 Verum
992 839 1239 904 procedens
1263 857 1286 886 a
1310 841 1517 888 Domino
1541 839 1670 888 faciat
1695 842 1903 899 Coelum,
1927 858 1956 888 n
1977 860 1988 888 :
2013 841 2103 890 126
2124 841 2184 887 ad
2206 855 2314 899 140.

327 924 423 959 200
462 909 516 956 ad
562 924 670 956 212.
743 906 888 967 Quod
913 907 1120 954 Verbum
1168 907 1354 970 pulchre
1400 909 1448 954 &
1485 923 1659 955 amaene
1702 907 1872 956 sistatur
1917 924 2069 956 coram
2108 907 2315 970 Angelis,
2340 948 2354 975 ,ἡ

326 994 355 1022 n
377 995 387 1022 ε
415 977 550 1039 1767.
583 973 721 1036 1763.
792 973 933 1030 Quod
958 972 1101 1020 sensus
1137 973 1277 1020 literae
1304 974 1356 1022 sit
1377 974 1500 1037 quali
1524 990 1705 1039 corpus,
1729 975 1779 1022 ὅτ.
1804 975 1929 1039 quod
1951 973 2095 1022 sensus
2119 975 2318 1020 internus
2348 978 2355 1024 ἕ

324 1043 377 1088 fit
397 1042 519 1105 quafi
542 1041 690 1087 anima
712 1039 830 1086 illius
854 1042 1072 1104 corporis,
1109 1057 1137 1086 n
1158 1057 1169 1086 τ
1194 1043 1284 1103 89⁴
1293 1058 1336 1103 3.
1409 1042 1552 1099 Quod
1595 1041 1700 1088 inde
1722 1043 1817 1088 vita
1843 1041 1995 1088 Verbo
2028 1040 2080 1087 fit
2115 1056 2171 1086 ex
2194 1038 2318 1086 sensu
2348 1037 2358 1059 ⁵

320 1110 511 1163 interno,
539 1123 566 1153 n
589 1123 601 1152 :
625 1121 765 1167 1405.
792 1108 938 1169 4857.
1009 1106 1156 1169 Qod
1177 1106 1384 1154 Verbum
1409 1108 1460 1154 fit
1485 1124 1656 1170 purum
1679 1109 1726 1155 in
1751 1107 1875 1155 sensu
1899 1109 2092 1164 interno,
2117 1107 2168 1153 δε
2189 1105 2319 1171 quod

320 1175 381 1219 ira
403 1190 493 1219 non
517 1184 722 1236 appareat
746 1173 791 1218 in
816 1168 939 1218 sensu
962 1171 1120 1228 literae,
1156 1188 1217 1219 n:
1243 1173 1383 1235 2362.
1412 1176 1556 1238 2396.
1628 1175 1773 1239 Qod
1798 1175 1873 1222 illa
1896 1191 2004 1238 quae
2036 1175 2083 1221 in
2118 1171 2242 1220 sensu
2267 1171 2319 1219 li·
2361 1220 2365 1223 ,

323 1252 432 1284 terae
454 1239 593 1286 Verbi
618 1238 736 1291 furt,
770 1236 913 1285 saneta
935 1238 1021 1286 fint
1042 1239 1099 1285 ab
1123 1239 1323 1294 internis,
1357 1256 1385 1286 n
1408 1259 1418 1287 :
1444 1242 1618 1290 10126.
1652 1243 1824 1304 10728.
1987 1239 1993 1245 ’

392 1303 538 1367 Qod
570 1305 616 1349 in
640 1302 881 1351 Historicis
903 1305 1044 1352 Verbi
1083 1307 1217 1352 etiam
1258 1305 1311 1353 fit
1349 1307 1493 1354 sensus
1528 1309 1746 1365 internus,
1780 1307 1852 1356 sed
1884 1307 2006 1354 intus
2036 1307 2083 1353 in
2117 1305 2221 1361 illis,
2258 1321 2315 1352 n:

323 1374 470 1433 4989.
539 1371 606 1417 lta
637 1370 762 1432 quod
786 1368 1018 1430 Historica
1037 1371 1176 1418 Verbi
1206 1387 1337 1434 aeque
1368 1389 1419 1419 ac
1442 1375 1711 1437 Prophetica
1733 1376 1991 1422 contineant
2014 1387 2171 1420 arcana
2191 1370 2319 1427 caeli,

325 1453 387 1485 n:
419 1453 524 1498 755.
560 1434 696 1496 1659.
729 1449 869 1496 ¹709·
899 1451 1042 1496 23¹0·
1083 1451 1226 1496 2333.
1299 1437 1445 1496 Qod
1482 1441 1653 1501 Angeli
1695 1455 1786 1486 non
1826 1439 2032 1486 historice
2069 1438 2321 1502 percipiant

323 1503 414 1558 ina,
449 1500 522 1548 sed
552 1499 855 1565 spiritualiter,
890 1516 956 1547 n:
985 1501 1129 1556 6884.
1200 1498 1346 1562 Quod
1387 1517 1543 1549 arcana
1582 1504 1804 1560 interiora,
1838 1519 1948 1567 quae
1986 1505 2034 1549 in
2073 1502 2319 1550 Historicis

322 1567 441 1622 sunt,
477 1569 627 1613 minus
649 1565 1044 1627 pateantfhomini,
1077 1579 1217 1627 quam
1239 1566 1287 1622 in
1310 1565 1609 1629 Propheticis,
1644 1567 1788 1625 causa,
1822 1585 1853 1616 n
1875 1588 1887 1616 ε
1910 1571 2052 1631 2176.
2070 1571 2217 1631 6597.

385 1629 533 1678 Porro
550 1629 694 1693 qualis
714 1627 860 1674 lenfiis
882 1629 1085 1674 internus
1107 1627 1267 1683 Verbi,
1300 1628 1545 1687 ostensum,
1581 1648 1641 1678 n:
1667 1632 1809 1693 1756.
1836 1637 1974 1697 1984.
2001 1648 2148 1692 2004.
2174 1633 2318 1697 2663.

321 1711 463 1760 3035.
491 1697 633 1760 7089.
666 1692 839 1751 10604.
865 1693 1038 1751 10614.
1106 1691 1381 1741 Illustratum
1407 1712 1487 1760 per
1508 1698 1888 1762 comparationes,
1921 1714 1979 1746 n:
2011 1701 2148 1760 1873.

415 1767 499 1827 26
512 1785 540 1823 1
553 1811 570 1828 .
622 1757 892 1854 qu'V
884 1759 1088 1824 erbum
1119 1759 1501 1850 coffirjiptum
1517 1765 1607 1853 fit
1627 1782 1742 1852 per
1765 1765 2312 1853 corrzffpondentias,

319 1854 403 1924 ἓ
413 1856 508 1943 fic
531 1871 642 1945 per
661 1852 1183 1942 ,repraestrrtativm
1274 1864 1422 1930 Qod
1440 1863 1651 1911 Verbum
1673 1865 1825 1928 quoad
1848 1863 2021 1912 sensum
2046 1866 2187 1913 literae
2208 1881 2319 1913 con·

320 1947 535 2010 scriptum
570 1948 623 1994 fit
658 1961 739 2008 per
776 1959 918 1994 meras
939 1943 1383 2008 Correspondentias,
1419 1943 1481 1988 ita
1517 1958 1599 2004 per
1636 1943 1739 1989 talia
1768 1958 1878 2006 quae
1914 1943 2234 2006 repraesentant
2267 1944 2320 1991 ὅτ.

319 2012 572 2077 fignificant
609 2002 894 2076 spiritualia?
915 2026 1023 2074 quae
1062 2010 1165 2058 sunt
1201 2010 1326 2057 Coeli
1363 2011 1415 2057 &
1442 2007 1689 2065 Ecclefiae,
1734 2025 1799 2056 n:
1826 2007 1966 2068 14014.
2000 2015 2141 2069 1408.
2174 2025 2317 2072 1409.

325 2074 464 2140 1540.
495 2079 637 2142 1619.
670 2077 809 2141 1659.
842 2091 983 2142 1709.
1014 2081 1151 2141 1783.
1182 2092 1325 2140 2179.
1354 2078 1499 2140 2763.
1539 2077 1682 2141 2899.
1752 2075 1900 2140 Qod
1933 2076 2021 2123 hoc
2052 2074 2223 2124 factum
2264 2076 2320 2123 fit

318 2157 504 2210 propter
538 2144 710 2193 sensum
751 2146 979 2192 internum
1015 2144 1063 2192 in
1099 2144 1302 2207 singulis,
1337 2158 1370 2190 11
1393 2159 1407 2192 2
1433 2146 1576 2210 2899.
1647 2142 1716 2190 Ita
1749 2155 1934 2206 propter
1957 2142 2165 2200 Coelum,
2200 2158 2317 2205 quo·

318 2212 438 2258 niam
462 2211 543 2267 ini,
577 2213 658 2275 qui
691 2212 738 2258 in
761 2210 903 2258 Coelo
924 2210 1041 2269 sunt,
1075 2211 1285 2258 Verbum
1308 2224 1401 2258 non
1422 2208 1686 2275 intelligunt
1706 2207 1955 2257 secundum
1979 2207 2152 2257 sensum
2176 2209 2318 2256 literae

317 2274 429 2338 ejus,
469 2278 550 2339 qui
573 2277 799 2332 naturalis,
833 2276 908 2323 sed
929 2276 1177 2325 secundum
1202 2275 1376 2325 sensum
1409 2275 1657 2332 internum,
1691 2276 1773 2339 qui
1795 2274 2046 2340 spiritualis,
2083 2293 2144 2323 n:
2170 2281 2310 2338 2899.

319 2342 464 2406 Qod
501 2343 731 2390 Dominus
772 2341 986 2402 loquutus
1025 2343 1080 2387 fit
1110 2358 1190 2404 per
1226 2342 1671 2403 Correspondentias,
1706 2341 2090 2404 Repraesentativa
2122 2342 2173 2388 &
2209 2341 2312 2401 Sig-

319 2408 561 2464 nificativa,
594 2409 701 2471 quia
723 2423 749 2453 a
771 2406 965 2462 Divin0,
1001 2422 1029 2452 n
1051 2424 1062 2453 ε
1083 2421 1229 2469 9049.
1255 2407 1401 2469 9063.
1429 2407 1576 2468 9086.
1601 2409 1773 2453 10126.
1797 2413 1972 2467 10728.
2041 2406 2189 2468 Qod
2214 2407 2312 2452 Do-

323 2475 471 2520 minus
494 2474 554 2522 fic
577 2474 795 2538 loquutus
824 2472 878 2519 lit
906 2488 1057 2519 coram
1084 2471 1273 2519 Mundo
1295 2472 1343 2519 &
1367 2485 1519 2518 coram
1543 2470 1699 2526 Coelo,
1734 2486 1796 2517 n:
1824 2486 1966 2533 2533.
1992 2475 2138 2533 4807.
2166 2487 2315 2537 9049.

321 2541 463 2602 9063.
489 2541 634 2602 9086.
703 2538 850 2603 Qod
890 2538 980 2596 illa,
1027 2553 1134 2602 quae
1171 2538 1403 2587 Dominus
1432 2537 1650 2599 loquutus
1685 2535 1766 2591 est,
1813 2536 2102 2600 impleverint
2134 2538 2313 2585 univer—

320 2605 417 2652 sum
453 2606 663 2663 Coelum,
710 2622 740 2653 n
763 2619 773 2650 :
797 2606 942 2670 4637.
1012 2606 1158 2665 Quod
1198 2604 1429 2653 Historica
1466 2603 1607 2650 Verbi
1645 2602 1730 2649 fint
1769 2601 2140 2666 repraesentativa,
2176 2604 2314 2652 verba

320 2670 628 2735 fignificativa,
664 2687 732 2718 n:
767 2688 905 2732 ¹540·
938 2671 1073 2736 1659.
1105 2687 1244 2737 1709.
1277 2673 1416 2735 1783.
1456 2671 1599 2734 2687.
1669 2668 1816 2732 Qod
1845 2669 2053 2717 Verbum
2092 2686 2184 2718 non
2223 2671 2313 2717 alio

319 2737 436 2800 stylo
469 2735 685 2783 conscribi
719 2738 933 2799 potuerit,
970 2752 1020 2785 ut
1059 2754 1139 2802 per
1176 2741 1223 2786 id
1260 2738 1618 2785 communicatio
1651 2735 1701 2782 δε
1738 2733 1998 2793 coniunctio
2031 2735 2140 2784 cum
2163 2738 2310 2785 Coelis

318 2804 439 2859 effet,
488 2819 556 2849 n:
584 2807 726 2866 2899.
765 2803 908 2867 6943.
952 2808 1098 2868 9481.
1183 2804 1328 2868 Qod
1373 2803 1503 2849 valde
1547 2815 1712 2856 errent,
1757 2803 1839 2865 qui
1877 2802 2084 2851 Verbum
2122 2817 2309 2868 propter

318 2868 486 2933 stylum
519 2869 767 2932 {implicem
808 2871 854 2916 &
898 2871 1056 2916 rudem
1095 2871 1151 2918 ad
1192 2869 1497 2933 apparentiam
1538 2879 1854 2925 contemnunt,
1901 2869 1951 2916 &
1986 2873 2068 2933 qui
2104 2872 2309 2933 cogitant

318 2936 445 2998 quod
478 2935 698 2998 recepturi
720 2934 927 2982 Verbum
963 2935 994 2981 fi
1028 2936 1116 2984 alio
1129 2936 1253 2999 *stylo
1275 2936 1491 2999 scriptum
1515 2934 1676 2991 fuiffet,
1713 2950 1771 2982 n:
1793 2939 1937 2997 8783.
2006 2938 2151 2995 Quod
2173 2938 2308 2984 etiam

318 3002 485 3049 modus
522 3000 739 3049 scribendi
778 3001 828 3049 δε
869 3000 1006 3064 stylus
1033 3003 1368 3066 Antiquiffimis
1408 2999 1543 3049 fuerit
1581 3018 1662 3066 per
1703 3000 2082 3065 Repraesentativa
2116 3006 2165 3051 &
2204 3004 2308 3067 Sig-

317 3066 559 3126 nificativa,
594 3085 654 3116 n:
682 3067 792 3130 605.
819 3070 957 3131 1756.
984 3083 1128 3133 9942.
1165 3069 1314 3135 Qod
1336 3068 1564 3132 Sapientes
1585 3068 1785 3132 Antiqui
1806 3067 2011 3117 delectati
2035 3071 2119 3117 fint
2136 3070 2307 3126 Verbo,

1326 3135 1373 3182 R
1410 3152 1435 3184 2

2210 3137 2316 3198 quia
