2632 3516
652 270 856 328 pao
929 260 2127 352 Nova-HlssnosoLYMm
2306 271 2376 339 2'5

391 399 488 451 ariis
521 396 630 446 licut
665 410 750 460 pro
777 395 850 454 se,
885 395 1045 444 timens
1065 393 1216 443 damni
1240 391 1435 456 proximi
1452 390 1560 439 ficut
1583 390 1661 440 sui.
1696 390 1836 458 Quod
1854 391 1977 443 fasta
2000 393 2178 442 illorum
2198 390 2280 443 fint
2301 396 2383 445 bo-

390 480 448 516 na
472 477 638 525 opera,
670 458 738 510 est
769 459 872 524 quia
892 473 1106 524 quantum
1125 461 1220 523 quis
1242 457 1359 521 fugit
1384 458 1551 505 malum
1578 468 1751 504 tantum
1771 456 1884 506 facit
1908 460 2075 507 bonum
2091 496 2104 517 ,
2139 459 2381 510 secundum

386 541 674 580 communem
709 527 857 589 legem
890 525 1018 588 supra
1038 541 1083 574 n.
1106 539 1196 583 21¹3
1227 521 1279 580 ἃ
1304 522 1380 585 qui
1399 521 1517 584 fugit
1540 520 1711 568 malum
1732 534 1780 568 ut
1800 536 2039 582 peccatum
2055 561 2069 581 ,
2104 523 2140 572 is
2160 524 2271 573 facit
2295 527 2378 574 bo·

384 609 494 644 num
511 607 604 641 non
619 607 647 640 a
668 590 712 639 se
728 591 805 639 sed
826 606 854 639 a
873 591 1104 645 Domino,
1140 603 1185 636 n.
1214 592 1270 638 18
1294 585 1354 634 ad
1379 601 1405 647 3
1418 601 1459 634 1.
1493 585 1778 634 Contrarium
1799 585 1853 633 fit
1871 589 1989 649 apud
2010 589 2159 648 illum,
2194 590 2268 652 qui
2292 604 2375 653 ge·

387 673 506 708 nera-
522 656 784 712 homicidii,
815 670 917 720 quae
938 654 1035 703 sunt
1055 651 1312 707 inimicitiae
1328 688 1340 704 .
1378 650 1483 699 odia
1498 686 1512 708 ,
1537 649 1748 699 vindistae
1762 685 1777 709 ,
1800 649 1850 699 dt
1868 654 2018 713 plura,
2037 668 2129 701 non
2151 653 2319 716 spectat
2331 669 2380 704 ut

385 735 606 788 peccata,
642 720 736 769 five
764 719 818 769 fit
851 719 1079 776 sacerdos,
1114 716 1208 766 five
1235 715 1424 779 persona
1443 714 1751 778 magistratus,
1786 714 1881 763 five
1898 717 2177 779 negotiator,
2211 718 2303 768 five
2324 737 2377 768 o·

384 788 605 853 perarius,
639 784 851 849 quicquid
880 783 1018 842 facit,
1052 798 1143 831 non
1164 779 1231 830 est
1249 783 1417 830 bonum
1434 796 1575 842 opuS,
1607 781 1711 843 quia
1740 795 1878 829 omne
1896 796 2008 843 opus
2031 782 2125 844 ejus
2136 785 2375 846 participat

382 869 415 902 a
441 853 561 901 malo
582 851 703 915 quod
726 850 842 899 intus
864 850 912 898 in
935 851 1013 898 illo
1035 847 1127 907 est,
1161 847 1383 896 internum
1402 847 1524 894 enim
1544 845 1639 910 ejus
1658 843 1726 893 est
1746 845 1866 910 quod
1888 847 2122 909 producit,
2146 859 2378 898 externum

385 917 535 983 potest
558 918 727 966 bonum
749 913 861 972 effe,
898 913 974 963 sed
996 929 1078 976 pro
1094 913 1215 970 aliis,
1251 926 1345 960 non
1366 926 1448 973 pro
1466 910 1578 973 ipso.

450 996 532 1043 73.
563 982 789 1030 Dominus
820 979 956 1028 docet
991 980 1160 1027 bonum
1183 978 1347 1025 amoris
1365 977 1412 1025 in
1433 976 1598 1024 Verbo
1622 975 1772 1025 multis
1799 974 1846 1023 in
1871 976 2006 1034 locis,
2040 975 2091 1025 ἃ
2114 976 2249 1026 docet
2270 978 2379 1028 illud

385 1062 470 1111 per
499 1045 922 1095 reconciliationem
952 1059 1059 1092 cum
1090 1042 1298 1105 proximo
1326 1041 1447 1104 apud
1469 1040 1786 1099 Matthaeum„
1823 1043 1871 1090 Si
1888 1042 2077 1088 obtuleris
2099 1058 2242 1089 munus
2266 1054 2379 1091 tuum

373 1111 500 1174 sulm
528 1110 656 1157 altare
670 1146 685 1169 ‚
718 1107 775 1162 &²
804 1110 911 1171 apud
923 1110 994 1154 hoc
1015 1108 1243 1155 recordatus
1250 1104 1414 1167 fueris,
1449 1107 1550 1167 quod
1548 1103 1688 1167 frater
1708 1117 1800 1153 tuus
1821 1107 1967 1153 habeat
1985 1107 2134 1168 aliquid
2150 1121 2287 1155 contra
2309 1121 2377 1166 τες

383 1177 557 1236 relinque
587 1175 644 1221 ibi
664 1183 808 1221 munus
832 1189 964 1220 coram
986 1173 1137 1230 altari,
1173 1169 1230 1224 ὅ)
1255 1173 1323 1218 abi
1333 1172 1450 1234 prius
1472 1171 1720 1218 reconciliare
1728 1168 1868 1232 fratri
1881 1207 1896 1230 ,
1930 1170 1986 1225 &¹
2011 1181 2107 1218 turc
2125 1174 2287 1219 veniens
2308 1172 2371 1235 of-

371 1239 451 1302 fer
469 1253 610 1286 munus
629 1249 774 1294 tuum‚·
809 1235 865 1291 &²
884 1237 1192 1286 benevolentiam
1214 1237 1273 1283 ini
1292 1250 1379 1282 curn
1408 1233 1632 1298 adversario
1651 1247 1744 1294 tuo,
1779 1237 1873 1282 dum
1895 1251 1938 1283 es
1958 1238 2001 1283 in
2020 1238 2090 1284 via
2108 1253 2196 1283 cum
2219 1238 2306 1297 illo,
2328 1256 2376 1285 ne

385 1316 428 1351 te
451 1303 588 1350 tradat
607 1301 861 1365 adversarius
876 1302 1036 1365 judici,
1070 1299 1126 1354 &³
1140 1300 1272 1362 judex
1296 1299 1432 1347 erodat
1454 1310 1494 1347 te
1514 1299 1719 1363 ministro,
1756 1297 1813 1353 &²
1834 1303 1878 1347 in
1899 1316 2094 1348 carcerem
2116 1304 2373 1363 conjiciatis:

385 1383 502 1416 amen
536 1367 620 1413 dico
642 1368 748 1425 tibi,
783 1381 859 1412 non
880 1366 1010 1414 exibis
1024 1401 1039 1423 ,
1071 1368 1188 1412 donec
1201 1361 1433 1426 persolveris
1447 1364 1631 1410 ultimum
1653 1365 1880 1412 dodrantem
1900 1365 2009 1424 ,‚V.
2035 1380 2092 1426 23
2120 1366 2177 1414 ad
2201 1373 2289 1426 263
2309 1384 2379 1415 re·

385 1430 618 1482 conciliari
650 1429 778 1479 fiatri
809 1428 876 1477 est
906 1429 1064 1492 fugere
1091 1429 1398 1487 inimicitiam,
1430 1427 1584 1476 odium
1619 1427 1669 1477 ἃ
1689 1428 1967 1487 νίηάὶξὶειω;
1998 1430 2118 1492 quod
2144 1430 2197 1477 fit
2218 1431 2378 1495 fugere

381 1497 491 1546 illud
509 1508 559 1544 ut
578 1507 843 1557 peccatum,
858 1507 996 1556 patet.
1031 1495 1183 1542 Docet
1199 1493 1337 1542 etiam
1361 1493 1580 1541 Dominus
1606 1493 1726 1555 apud
1750 1494 2067 1553 Matthaeum„
2097 1496 2248 1541 Omnia
2270 1512 2378 1557 quae·

385 1577 535 1625 cunque
554 1561 758 1607 volueritis
774 1557 995 1620 associant
1014 1560 1126 1605 vobis
1147 1559 1348 1615 homines,
1373 1557 1439 1619 fic
1458 1556 1519 1611 ὅ)
1532 1573 1602 1605 vos
1610 1555 1750 1619 facite
1773 1559 1877 1605 illis.-
1904 1560 1989 1605 haec
2008 1558 2068 1621 est
2090 1558 2185 1606 Lex
2206 1557 2262 1613 δέ)
2274 1562 2377 1608 Pro-

377 1626 560 1688 pheta„
596 1624 707 1671 V11.
735 1638 823 1680 123
855 1624 918 1671 ita
937 1637 1029 1669 non
1050 1624 1243 1679 malum,·
1258 1621 1308 1671 ἃ
1330 1623 1487 1684 pluries
1507 1622 1624 1671 alibi.
1658 1624 1882 1671 Dominus
1891 1638 2066 1687 quoque
2076 1623 2235 1682 docet,
2253 1626 2375 1688 quod

381 1688 757 1804 {decidfirevetiam
781 1687 835 1736 fit
854 1686 985 1737 irasci
1002 1687 1133 1736 fratri
1159 1687 1234 1735 seu
1253 1688 1463 1750 proximo
1479 1700 1677 1750 temere,
1710 1687 1760 1738 ἃ
1781 1689 1906 1738 illum
1923 1688 2157 1738 inimicum
2175 1689 2371 1751 habere,

448 1765 512 1803 att
547 1788 557 1799 .
636 1788 651 1801 .
676 1767 755 1802 21.
782 1765 858 1802 22.
1660 1791 1663 1794 .

385 1884 618 1989 Quod
661 1902 1018 1989 quantum
1059 1884 1214 1990 quis
1260 1885 1496 1964 omnis
1544 1886 1830 1993 generis
1872 1886 2259 1968 Adulteria
2287 1909 2373 1967 ut

602 2013 899 2099 peccata
931 1992 1116 2101 fiagit
1132 2055 1152 2085 ,
1205 2013 1490 2074 tantum
1518 1996 1942 2074 Castitatem
1969 2017 2185 2075 amet.

384 2162 459 2212 74.
580 2165 630 2199 er
650 2150 889 2199 adulterari
911 2150 957 2199 in
975 2152 1199 2215 Decalogi
1222 2151 1347 2200 sexto
1368 2153 1602 2214 Praecepto
1628 2152 1674 2200 in
1693 2152 1878 2200 naturali
1894 2151 2016 2201 sensu
2036 2168 2126 2201 non
2147 2153 2286 2201 modo
2298 2153 2367 2202 in-

496 2157 575 2268 P
612 2214 821 2276 telligitur
855 2215 1037 2263 scortari
1059 2251 1071 2272 ,
1107 2216 1183 2263 sed
1207 2216 1344 2262 etiam
1364 2215 1570 2262 obscaena
1591 2216 1768 2272 facere,
1802 2216 1968 2264 lasciva
1992 2218 2137 2278 loqui,
2174 2216 2226 2264 ἃ
2248 2219 2367 2280 spur·

381 2292 435 2325 ca
461 2280 691 2351 cogitare;
723 2293 803 2338 per
826 2277 1061 2325 adulterari
1085 2290 1237 2326 autern
1259 2279 1305 2325 in
1325 2278 1533 2340 spirituali
1553 2278 1675 2326 sensu
1704 2279 1959 2343 intelligitur
1983 2281 2228 2328 adulterare
2249 2284 2368 2331 bona

382 2341 531 2389 Verbi
548 2341 599 2389 δε
619 2339 851 2388 fallificare
872 2355 980 2388 vera
1005 2341 1120 2404 ejus:
1154 2344 1199 2389 in
1223 2340 1427 2403 supremo
1444 2354 1594 2389 autem
1617 2342 1740 2391 sensu
1758 2359 1839 2404 per
1863 2343 2098 2393 adulterari
2110 2346 2366 2409 intelligitur

378 2420 544 2470 negare
566 2406 785 2454 Divinum
809 2405 995 2454 Domini
1018 2405 1069 2453 ἃ
1096 2405 1377 2468 prophanare
1395 2406 1624 2455 Verbum:
1660 2408 1804 2455 omnis
1823 2409 1998 2471 generis
2015 2409 2247 2459 Adulteria
2265 2412 2364 2461 haec

342 2496 345 2500 ·
381 2469 495 2519 sunt.
523 2469 688 2518 Homo
709 2470 916 2518 naturalis
934 2485 992 2518 ex
1016 2470 1224 2520 rationali
1242 2470 1405 2519 lumine
1422 2469 1534 2519 scire
1555 2470 1855 2535 potest,quod
1874 2488 1953 2536 per
1970 2473 2206 2523 adulterari
2226 2476 2364 2525 etiam
2406 2479 2419 2561 s

379 2534 648 2598 intelligatur
665 2535 868 2583 obscaena
892 2534 1045 2583 facere
1059 2570 1074 2593 ,
1098 2534 1262 2584 lasciva
1285 2536 1401 2598 loqui
1417 2535 1659 2598 ,&spurca
1673 2537 1900 2599 cogitare;
1918 2538 1993 2586 sed
2011 2553 2101 2587 non
2127 2538 2362 2603 scit,quod
2406 2562 2411 2586 ι
2456 2545 2460 2548 “

381 2614 463 2662 per
492 2600 727 2648 adulterari
762 2601 899 2648 etiam
917 2600 1187 2663 intelligatur
1206 2601 1451 2648 adulterare
1470 2602 1589 2649 bona
1610 2602 1756 2650 Verbi
1778 2600 1828 2650 δι
1851 2601 2086 2652 falsificare
2106 2618 2213 2653 vera
2239 2606 2362 2667 ejus;
2403 2587 2409 2645 ἶ

379 2663 433 2777 ξι
459 2663 625 2778 adhucd
640 2665 804 2776 minuss
814 2664 933 2741 quod
952 2665 1222 2777 iggelligatur
1241 2679 1405 2777 nega?
1423 2666 1641 2714 Divinum
1659 2666 1846 2716 Domini
1868 2666 1919 2716 ἃ
1937 2669 2358 2745 prophanare-Ver·
2399 2647 2407 2753 ξ

380 2743 657 2842 affligi&
671 2745 839 2862 {¹552ss
842 2742 984 2857 {1:25131
1004 2731 1594 2854 Αὲἱῗῗὲὶῗὲῗέωἰέῗῖἓὶῗῗ
1605 2731 2364 2862 iffeak‘sssszznsszvffizfftffiffiffi

380 2859 411 2907 li
432 2856 523 2917 est,
546 2857 596 2906 ἃ
618 2858 826 2907 viciffim:
849 2858 968 2920 quod
995 2857 1060 2907 ita
1079 2858 1163 2920 fit,
1189 2860 1235 2906 in
1255 2858 1458 2920 fingulari
1481 2859 1707 2923 Opusculo
1726 2876 1789 2909 na
1812 2862 2056 2922 CouJqu
2086 2864 2359 2915 demonstra-

379 2923 511 2973 bitur.
545 2921 719 3034 Sfed'im
739 2923 787 2971 in
806 2923 949 2971 omnis
968 2925 1143 2986 generis
1162 2924 1384 2972 adulteriis
1407 2923 1530 2973 fimul
1551 2925 1673 2984 sunt,
1709 2926 1783 2989 qui
1802 2926 2019 2978 adulteria
2038 2944 2103 2978 ex
2116 2928 2211 2978 fide
2229 2929 2279 2979 ἃ
2291 2932 2358 2980 vi·
2410 2967 2414 2975 ,

378 3000 433 3128 ta
447 2999 1029 3126 {ignQalc'rgnguggffigtaduis-
1049 3051 1163 3116 fugit
1173 3052 1476 3128 adulterium,
1497 3065 1683 3128 ⁸tanturn
1701 3067 1822 3105 amet
1844 3056 2101 3121 conjugium
2116 3095 2131 3118 ,
2152 3059 2225 3109 seu
2238 3061 2359 3123 quod

379 3115 529 3191 idem,
568 3128 779 3191 quantum
812 3131 907 3191 quis
935 3117 1050 3180 fugit
1083 3117 1308 3193 lasciviam
1327 3119 1551 3192 adulterii,
1586 3131 1761 3168 tantum
1781 3133 1902 3170 amet
1923 3122 2177 3173 castitatem
2198 3126 2356 3186 conju-

378 3196 443 3245 gu
462 3218 477 3243 ‚
524 3180 589 3230 est
623 3196 725 3244 quia
753 3180 931 3232 lascivia
964 3182 1169 3233 adulterii
1197 3183 1247 3235 δι
1275 3183 1455 3234 castitas
1483 3183 1683 3249 conjugii
1709 3185 1806 3236 sunt
1833 3186 1923 3236 duo
1953 3190 2188 3252 opposita,
2221 3202 2358 3249 quare

2220 3266 2355 3316 quan·
