2514 3516
499 229 1813 323 .·*:²1>EDoM*1No.
2220 282 2286 330 33

315 387 516 455 gmnovi
544 386 747 444 Patrem,
781 385 886 448 quia
910 402 967 434 ΑΒ
987 387 1097 435 Ῑιιο
1118 403 1237 445 suu,
1268 385 1449 435 &qu
1477 399 1612 433 msu-
1631 401 1740 440 ne„
1774 385 1880 447 Joh.
1903 384 2019 434 VII.
2047 398 2132 446 27:
2165 387 2287 449 quod

314 466 397 516 per
430 451 549 500 mitti
576 467 603 499 a
633 452 765 500 Patre
794 452 840 499 in
862 453 1104 512 mundum,
1138 451 1405 514 intelligatur
1422 449 1639 511 suscipere
1666 450 1958 511 Humanum,
1992 449 2199 499 videatur
2221 450 2286 500 su-

343 533 393 565 ra
413 532 458 564 n.
488 527 548 564 20

311 533 344 626 ,Ρ
379 596 452 643 32.
489 580 615 646 ¹Quod
638 579 836 627 Dominus
857 583 1090 628 Humanum
1114 577 1237 642 ficum
1267 578 1467 626 Divinum
1473 575 1627 638 ficerit
1652 591 1704 622 ex
1726 575 1879 624 Divino
1897 580 1939 624 in
1966 580 2047 635 Se,
2083 577 2290 630 constare

310 644 458 709 potest
476 661 532 694 ex
553 644 700 692 multis
720 646 829 693 locis
843 661 873 694 e
895 646 1080 702 Verb0,
1115 659 1172 692 ex
1191 659 1281 707 quo
1300 658 1436 690 munc
1454 644 1527 690 iila
1550 643 1649 688 loca
1673 640 1949 688 adducentur
1962 678 1976 698 ,
2010 658 2106 704 quae
2127 645 2288 693 confir·

308 723 441 759 mant
454 745 469 768 ,
490 711 588 771 quod
603 706 1074 773 hocsuccffvefabzum
1085 706 1176 769 sic,
1209 724 1307 771 quae
1326 707 1467 765 sunt„
1503 705 1630 770 Jesus
1646 705 1792 753 crevit
1817 703 1868 754 ’ἃ
1888 708 2200 756 corroboratus
2221 709 2289 759 est

308 775 462 837 spiritu
487 774 537 822 ἃ
568 773 808 835 sapientia,
842 773 892 822 ἃ
912 773 1054 837 gratia
1074 774 1164 821 Dei
1181 788 1276 821 erat
1294 773 1422 835 super
1442 771 1635 833 Ipsum„
1668 770 1781 817 Luc.
1808 770 1866 816 II.
1886 785 1964 828 40.
1976 806 2007 828 „
2046 771 2167 832 Jesus
2185 790 2289 836 pro·

309 839 425 889 fecit
447 839 683 901 sapientia,
700 852 858 897 aetate,
890 838 941 887 ἃ
965 839 1108 901 gratia
1132 837 1249 901 apud
1273 838 1423 885 Deum
1444 837 1492 884 ἃ
1511 835 1727 884 homines.
1759 834 1819 881 II.
1842 833 1964 900 Quod
1983 834 2181 882 Divinum
2202 851 2289 899 ope-

309 916 443 951 ratum
454 902 516 964 sit
535 917 604 966 per
625 904 860 950 Humanum
874 937 892 961 ‚
905 901 1015 963 ficut
1038 904 1175 949 anima
1194 915 1264 964 per
1284 915 1448 962 corpus,
1464 916 1521 949 ex
1546 901 1613 948 his
1627 935 1658 958 „
1682 900 1735 946 N
1736 914 1794 946 on
1817 897 1963 960 potest
1980 900 2111 948 Filius
2133 899 2290 950 facere

309 983 337 1016 a
356 970 416 1016 Se
438 967 540 1031 Ipso
560 968 792 1031 quicquam
808 1003 821 1025 ,
842 969 920 1015 nisi
940 967 1104 1016 viderit
1124 969 1303 1016 Patrem
1324 965 1611 1023 facientem„
1646 963 1750 1027 Joh.
1773 964 1837 1012 V.
1868 978 1938 1023 19.
1957 1000 1986 1021 ‚,
2020 965 2065 1011 A
2078 966 2166 1013 Me
2186 966 2290 1028 Ipso

306 1032 433 1082 facio
459 1032 594 1090 nihil,
628 1032 703 1080 sed
725 1031 835 1080 ficut
855 1032 1010 1080 docuit
1030 1044 1105 1080 me
1122 1034 1255 1082 Pater
1275 1046 1399 1078 meus
1415 1066 1429 1084 ,
1464 1030 1563 1079 haec
1581 1031 1769 1092 loquor3
1802 1029 1876 1091 qui
1900 1028 2016 1076 misit
2033 1031 2145 1088 Me,
2180 1033 2290 1079 Me-

285 1111 411 1149 cum
431 1096 525 1154 est,
558 1111 649 1145 non
665 1098 839 1160 reliquit
861 1098 948 1144 Me
968 1096 1151 1155 solum„
1186 1097 1290 1158 Joh.
1312 1095 1440 1144 VIII.
1471 1100 1548 1147 28.
1568 1109 1639 1152 29.
1665 1096 1775 1155 Cap.
1803 1095 1868 1141 V.
1894 1109 1968 1156 30.
1995 1096 2095 1156 Ego
2117 1108 2208 1143 non
2228 1113 2286 1144 ex

304 1162 395 1209 Me
415 1161 515 1223 Ipso
535 1162 738 1224 loquutus
766 1161 861 1209 sum
875 1197 888 1218 ‚
921 1159 996 1209 sed
1017 1162 1092 1224 qui
1113 1161 1231 1209 misit
1252 1162 1340 1209 Me
1361 1161 1493 1208 Pater
1507 1196 1521 1218 ,
1555 1159 1678 1207 Mihi
1702 1171 1972 1220 praeceptum
1991 1159 2116 1206 dedit
2130 1196 2143 1216 ,
2178 1163 2285 1223 quid

303 1225 455 1274 dicere
486 1224 537 1274 &
567 1225 675 1287 quid
706 1227 825 1289 loqui
845 1227 1079 1285 debeam„
1114 1226 1216 1290 Joh.
1234 1226 1333 1274 XII.
1358 1239 1436 1285 49.
1460 1240 1537 1283 50.
1560 1224 1742 1282 Verba,
1778 1238 1877 1286 quae
1898 1224 2000 1286 Ego
2022 1225 2178 1286 loquor
2202 1242 2283 1273 vo·

303 1290 400 1347 bis,
433 1291 567 1351 arMe
586 1290 686 1351 Ipso
711 1306 800 1338 non
828 1292 999 1353 loquor.
1048 1292 1210 1348 Pater,
1245 1290 1384 1354 quiin
1405 1291 1493 1338 Me
1512 1302 1687 1345 manet,
1724 1290 1802 1336 Ille
1826 1288 1937 1336 facit
1960 1304 2141 1351 opera„
2175 1291 2281 1352 Joh.

303 1353 440 1402 XIV.
459 1369 531 1401 ιο.
554 1353 667 1401 Non
686 1355 780 1401 sum
798 1354 933 1410 soins,
969 1355 1071 1416 quia
1091 1356 1225 1402 Pater
1248 1357 1482 1411 Mecum„
1518 1355 1621 1416 Joh.
1646 1354 1778 1402 XVI.
1806 1368 1879 1417 32.
1902 1355 1984 1399 III.
2005 1353 2129 1417 Quod
2156 1357 2280 1401 Divi-

303 1432 401 1464 num
423 1415 479 1471 &³
502 1418 732 1467 Humanum
752 1419 992 1464 unanimiter
1012 1428 1211 1478 operatum
1220 1417 1306 1478 fit,
1341 1433 1396 1464 ex
1420 1418 1487 1464 his
1501 1422 1538 1474 ,,’
1566 1418 1682 1482 Quae
1702 1419 1832 1465 Pater
1851 1417 1987 1473 facit,
2021 1420 2119 1464 haec
2139 1420 2277 1466 etiarn

304 1481 439 1546 Filius
458 1480 658 1529 fimiliter
677 1480 837 1540 facit„
870 1481 975 1543 Joh.-
999 1483 1062 1531 V.
1089 1497 1211 1540 19.„
1243 1481 1639 1547 Quemadmodum
1655 1484 1788 1536 Pater
1810 1479 1985 1528 suscitat
2007 1496 2204 1530 mortuos
2219 1482 2273 1532 δε

303 1544 534 1604 vivifiat,
563 1546 631 1593 ita
660 1546 799 1594 etiarn
817 1545 978 1605 Filius,
1013 1561 1124 1609 quos
1141 1548 1261 1603 vult,
1295 1545 1547 1602 vivificat„
1582 1545 1686 1607 Joh.
1713 1545 1779 1593 V.
1805 1558 1929 1602 21.,‚
1964 1545 2273 1611 Quemadmo-

300 1608 412 1663 dum
430 1610 564 1656 Pater
585 1608 721 1656 habet
738 1610 882 1656 vitam
903 1610 949 1657 iu
969 1612 1028 1658 Se
1049 1611 1150 1672 Ipso
1163 1646 1177 1668 ,
1201 1610 1265 1658 ita
1283 1610 1407 1658 dedit
1428 1611 1565 1658 etiam
1583 1611 1696 1658 Filio
1714 1609 1857 1657 vitam
1874 1608 2039 1656 habere
2058 1611 2103 1658 in
2123 1614 2183 1660 Se
2202 1614 2274 1673 Ip-

248 1681 252 1686 '
299 1671 394 1734 so„
427 1671 533 1735 Joh.
570 1673 637 1719 V.
670 1675 745 1719 26.
779 1673 923 1720 Nunc
949 1686 1283 1737 cognoverunt,
1318 1674 1438 1736 quod
1456 1676 1634 1730 omnia,
1668 1689 1766 1736 quae
1786 1672 1947 1721 dedisti
1969 1675 2120 1733 Mihi,
2154 1678 2279 1724 a—Te

298 1736 431 1795 fiat„
463 1735 566 1800 Joh.
587 1736 743 1784 XVII.
763 1740 806 1785 6.
832 1737 923 1786 IV.
945 1737 1069 1802 Quod
1086 1740 1240 1784 unitum
1251 1736 1315 1797 sit
1337 1737 1537 1784 Divinum
1562 1739 1751 1784 Humano
1777 1735 1832 1788 &⁸
1853 1737 2085 1785 Humanum
2100 1740 2273 1796 Divina,

297 1818 358 1851 ex
374 1802 487 1860 his„
520 1801 570 1850 Si
598 1799 871 1864 cognovistis
897 1802 1014 1860 Me,
1048 1801 1184 1850 etiam
1211 1803 1390 1850 Patrem
1426 1817 1577 1849 meum
1594 1800 1869 1864 cognovistis
1885 1838 1898 1860 ‚
1937 1802 1987 1850 ἃ
2010 1803 2177 1852 vidistIs
2198 1806 2274 1867 Ip-

299 1866 409 1915 sum.
455 1865 584 1914 Dixit
603 1865 660 1913 ad
685 1865 939 1928 Philippum
958 1867 1182 1915 veientem
1207 1866 1363 1914 videre
1386 1867 1562 1915 Patrem
1593 1883 1608 1924 ;
1641 1879 1812 1914 tantum
1843 1878 2017 1929 tempus
2042 1871 2278 1918 vobiscum

260 1943 267 1950 ·
296 1930 420 1988 sum,
452 1927 503 1978 δι
520 1945 609 1978 non
627 1928 742 1979 nosti
762 1933 875 1988 Me,
908 1931 1111 1993 Philippe
1128 1967 1144 1990 ,
1180 1932 1255 1994 qui
1278 1932 1391 1979 vidit
1413 1933 1523 1989 Me,
1560 1931 1674 1979 vidit
1695 1932 1896 1991 Patrem3
1932 1947 2080 1980 nonne
2100 1935 2271 1993 crediS,

297 1994 418 2058 quod
443 1995 544 2058 Ego
572 1994 618 2043 in
648 1996 805 2053 Patre,
837 1993 888 2044 δι
908 1997 1040 2044 Pater
1057 1996 1107 2044 in·
1132 1998 1221 2045 Me
1242 1995 1319 2044 fit:
1356 1996 1527 2044 credite
1548 1996 1703 2054 Mi‘ni,
1738 1998 1856 2059 quod
1886 1999 1983 2060 Ego
2008 1998 2053 2045 in
2073 1999 2203 2047 Patre
2223 1999 2275 2048 δι

293 2060 427 2108 Pater
447 2059 492 2108 in
517 2073 592 2107 me
614 2057 666 2106 fit
676 2092 713 2117 „
749 2059 850 2122 Joh.
878 2061 1010 2108 XIV.
1034 2065 1065 2109 6
1083 2061 1140 2109 ad
1168 2076 1239 2109 11.
1253 2095 1290 2120 ‚,
1325 2063 1373 2111 Si
1393 2077 1483 2108 non
1502 2060 1624 2109 facio
1645 2076 1784 2123 opera
1801 2062 1941 2109 Patris
1961 2063 2050 2110 mei
2066 2078 2148 2119 ,ne
2172 2080 2269 2111 cre-

295 2124 391 2172 dite
426 2124 576 2182 Mihi,
607 2122 641 2171 fi
665 2123 816 2180 facio.
849 2125 1055 2187 operibus
1073 2126 1270 2183 credite3
1303 2140 1352 2174 ut
1372 2126 1652 2189 cognoscatis
1673 2126 1722 2174 ἃ
1741 2126 1931 2173 credatis
1945 2163 1957 2183 ,
1993 2128 2111 2189 quod
2133 2129 2266 2174 Pater

290 2189 352 2238 in.
373 2190 483 2246 Me,
519 2187 571 2236 δι
599 2189 700 2251 Ego
730 2190 775 2237 in
806 2190 985 2245 Patre„
1019 2191 1123 2253 Joh.
1146 2191 1203 2238 X.
1228 2194 1303 2251 36.
1327 2196 1452 2248 38.„
1490 2193 1555 2239 Ut
1578 2206 1732 2239 omnes
1755 2205 1892 2238 unum
1913 2189 2015 2246 lint,
2051 2189 2161 2238 ficut
2185 2191 2266 2239 Tu

295 2253 426 2302 Pater
453 2254 500 2300 in
517 2254 632 2310 Me,
668 2251 716 2301 ἃ
737 2253 838 2315 Ego
857 2254 903 2301 in
921 2254 1040 2312 Te„
1074 2254 1177 2316 Joh.
1202 2254 1357 2302 XVII.
1378 2269 1454 2300 22.
1471 2290 1504 2311 ‚,
1539 2257 1588 2302 In
1608 2256 1688 2302 illo
1705 2254 1780 2302 die
1800 2253 2102 2317 cognoscetis,
2138 2254 2262 2316 quod

239 2321 244 2327 '
291 2317 394 2379 Ego
413 2318 459 2364 in
484 2318 614 2364 Patre
630 2331 780 2372 meo„
815 2318 917 2377 Joh.
937 2317 1069 2364 XIV.
1094 2333 1213 2374 20.‚‚
1247 2318 1362 2365 Non
1381 2319 1524 2379 rapiet
1546 2320 1639 2380 quis
1661 2334 1771 2365 oves
1790 2333 1816 2364 e
1840 2333 1972 2365 manu
1991 2317 2129 2365 Patris
2139 2320 2257 2377 mei,
2328 2334 2333 2337 ·

290 2379 393 2440 Ego
416 2378 466 2427 δι
489 2381 619 2426 Pater
640 2393 775 2424 unum
795 2378 980 2437 sumus„
1014 2378 1117 2441 Joh.
1139 2380 1195 2426 X.
1220 2393 1342 2439 30.„
1374 2381 1508 2428 Pater
1527 2394 1647 2428 amat
1665 2383 1852 2438 Filium,
1890 2381 1939 2429 ἃ
1962 2382 2111 2429 omnia
2132 2382 2262 2431 dedit

291 2443 338 2491 in
358 2457 537 2489 manum
558 2440 741 2502 Ipfius„
776 2441 879 2503 Joh.
905 2444 984 2489 111.
1012 2457 1087 2502 35.
1101 2477 1135 2500 „
1167 2442 1336 2490 Omnia
1356 2458 1629 2505 quaecunque
1652 2445 1782 2491 Pater
1799 2442 1934 2491 habet
1949 2480 1962 2500 ‚
1976 2446 2089 2494 Mea
2111 2445 2252 2505 sunt„

292 2507 396 2570 Joh.
418 2505 544 2553 XVI.
576 2520 698 2563 15.„
732 2506 900 2554 Omnia
920 2508 1035 2555 Mea
1058 2508 1164 2555 Tua
1183 2507 1303 2564 sunt,
1335 2505 1386 2554 ἃ
1408 2508 1513 2555 Tua
1535 2509 1692 2565 Mea„
1714 2507 1818 2571 Joh.
1842 2509 1994 2556 XVII.
2026 2525 2143 2568 10.‚,
2158 2512 2252 2559 De-

290 2569 394 2619 disti
415 2570 531 2618 Filio
549 2569 813 2631 potestatem
835 2571 978 2619 omnis
998 2572 1165 2630 carnis,
1198 2571 1299 2634 Joh.
1323 2570 1497 2619 XVIII.
1520 2586 1560 2619 2.
1572 2608 1604 2630 „
1640 2573 1761 2620 Data
1785 2571 1850 2620 est
1871 2573 1991 2621 Mihi
2015 2575 2160 2623 omnis
2171 2591 2258 2637 po·

292 2633 424 2683 testas
452 2635 498 2682 in
516 2634 639 2682 Caelo
670 2633 719 2683 ἃ
743 2636 788 2683 in
811 2635 999 2696 Terra„
1033 2636 1203 2684 Matth.
1228 2635 1446 2683 XXVIII.
1473 2646 1548 2691 18.
1568 2637 1633 2685 V.
1656 2635 1778 2702 ,Quod
1798 2637 1995 2684 Divinum
2016 2639 2252 2688 Humanum

290 2699 506 2747 adeundum
513 2696 603 2758 fit,
638 2711 760 2761 patet
780 2715 836 2748 ex
855 2699 967 2758 his„
1006 2702 1070 2749 Ut
1088 2715 1242 2748 omnes
1265 2701 1483 2748 honorent
1502 2700 1658 2749 Filium
1671 2738 1684 2759 ,
1719 2702 2096 2765 quemadmodum
2107 2703 2251 2754 hono·

289 2775 387 2812 rant
416 2766 617 2820 Patrem,
652 2764 753 2825 Joh.
788 2762 853 2811 V.
891 2780 1010 2825 23.„
1044 2766 1202 2813 SIMe
1224 2763 1425 2818 noffetis,
1460 2766 1597 2813 etiam
1628 2768 1806 2815 Patrem
1840 2782 1991 2814 meum
2023 2766 2246 2829 nofl'etis„

288 2829 391 2892 Joh.
417 2828 546 2874 VIII.
574 2842 645 2882 19.
669 2863 701 2884 ,‚
736 2829 828 2895 Qui
852 2829 976 2877 videt
1007 2831 1120 2887 Me,
1154 2829 1280 2878 videt
1306 2829 1449 2891 Ipsum
1471 2830 1545 2890 qui
1564 2830 1680 2878 mIIit
1700 2833 1788 2879 Me
1812 2868 1845 2889 ‚,
1865 2832 1969 2894 Joh.
1994 2833 2096 2880 X11.
2117 2847 2192 2894 45.
2206 2869 2242 2893 „

287 2893 337 2942 Si
358 2889 628 2955 cognovistis
650 2894 735 2939 Me
749 2930 762 2949 ,
776 2894 910 2941 etiam
931 2895 1108 2942 Patrem
1127 2909 1277 2941 meum
1298 2892 1592 2955 cognovistis,
1630 2895 1678 2942 ἃ
1701 2897 1864 2944 abhinc
1881 2895 2156 2960 cognovistis
2173 2899 2247 2960 Ip-

286 2957 407 3013 sum,
440 2955 489 3004 ἃ
509 2953 675 3003 vidistis
698 2957 889 3019 Ipsum„
922 2958 1026 3020 Joh.
1046 2958 1179 3005 XIV.
1202 2973 1293 3018 7.„
1328 2958 1418 3023 Qui
1443 2959 1531 3006 Me
1547 2958 1750 3022 suscipit,
1782 2960 1958 3023 suscipit
1975 2960 2240 3026 Ipsum‚qui

286 3020 403 3070 misit
421 3022 550 3079 Me„
583 3020 686 3082 Joh.
707 3022 834 3069 XIII.
857 3037 943 3071 20:
974 3023 1101 3070 causa
1123 3021 1211 3080 est,
1245 3023 1347 3085 quia
1364 3038 1497 3070 nemo
1517 3023 1662 3086 potest
1680 3024 1827 3087 Ipsum
1848 3026 2092 3086 Divinum,
2119 3027 2241 3090 quod

283 3087 415 3135 Pater
439 3098 646 3142 vocatur,
682 3085 861 3145 videre,
895 3085 969 3133 sed
986 3086 1203 3135 Divinum
1222 3087 1510 3146 Humanum3
1540 3088 1651 3138 dicit
1674 3091 2068 3151 enimDominus„
2090 3093 2242 3140 Deum

284 3165 419 3202 nemo
451 3149 562 3201 vidit
592 3165 813 3214 unquam,
848 3152 1114 3214 Unigenitus
1144 3152 1302 3212 Filius,
1337 3154 1412 3266 (ἒή
1432 3154 1477 3213 in
1495 3152 1589 3203 finu
1606 3154 1855 3216 Patrisest,
1884 3159 1966 3206 -llle
1985 3156 2236 3282 exposuJitfi,

2167 3235 2192 3267 ο
2226 3251 2240 3266 .
