2632 3516
677 261 885 321 PRO
952 260 1245 320 Nova
1316 257 2140 319 HtssRosonYMA.
2337 260 2409 336 29·

431 383 584 441 hmtus'
617 400 823 450 tempore
855 386 1030 437 aestatis.
1066 388 1217 436 Etiam
1243 385 1494 436 Intelieaus
1526 386 1639 450 sapit
1659 401 1716 434 ex
1742 386 1841 434 luce
1863 385 2101 449 spirituali,
2120 382 2172 436 ἃ
2191 384 2415 438 Voluntas

430 463 552 506 amat
573 469 631 502 ex
654 455 804 502 calore
830 452 1037 515 spirituali
1046 469 1061 510 ;
1096 468 1200 501 nam
1235 453 1336 500 Lux
1370 451 1600 516 spiritualis
1626 449 1694 499 est
1722 451 1893 500 Divina
1916 451 2191 515 Sapientia,·
2208 450 2418 504 &Calor

427 519 656 582 spiritualis
690 517 755 567 est
784 520 976 567 Divinus
1006 521 1164 581 Amori
2187 551 2193 562 ,

436 598 438 600 ·
491 583 723 650 Quamdiu
754 584 895 631 homo
922 599 1012 631 non
1044 583 1161 645 fugit
1185 582 1303 629 mala
1325 593 1375 628 ut
1394 592 1607 644 peccata,
1643 579 2019 643 concupiscentiae
2035 581 2255 630 malorum
2279 580 2417 633 obsti-

423 664 532 713 pant
563 650 770 696 interiora
802 650 963 696 tuentis
994 647 1199 696 naturalis
1226 661 1255 694 a
1285 659 1414 709 parte
1444 645 1715 702 voluntatis,
1750 660 1852 708 quae
1884 644 1980 692 sunt
2010 647 2075 694 ibi
2096 645 2204 694 ficut
2226 647 2413 698 densum

424 716 600 769 velum,
631 713 686 761 ἃ
716 711 826 760 sicut
856 725 952 760 atra
985 714 1122 760 nubes
1150 710 1228 759 sub
1252 713 1418 759 Mente
1442 709 1676 772 spirituali,
1710 708 1986 758 &inhibent
2008 726 2066 758 ne
2090 713 2332 772 aperiatur:
2366 725 2415 763 at

422 778 533 827 vero
555 793 602 827 ut
625 782 815 840 primum
833 779 973 826 homo
995 777 1113 840 fugit
1132 778 1247 825 mala
1268 789 1316 823 ut
1339 789 1528 836 peccata
1542 811 1556 832 ‚
1592 788 1700 822 tunc
1725 775 1953 822 Dominus
1972 789 1999 822 e
2019 776 2146 823 Caelo
2170 776 2342 836 influit,
2360 777 2412 828 δι

426 844 577 892 aufert
605 846 778 899 velum,
814 843 864 890 ἃ
890 842 1068 890 discutit
1099 844 1292 901 nubem,
1326 840 1377 890 δι
1397 841 1542 904 aperit
1563 841 1775 890 Mentem
1794 840 2093 903 spiritualem,
2125 840 2174 890 ἃ
2195 840 2257 890 fic
2275 842 2410 892 iutro·

422 910 562 957 mittit
583 909 813 957 hominem
833 909 878 955 in
898 909 1083 955 Caelum.

487 974 717 1039 Quamdiu
748 973 1121 1035 concupiscentiae
1149 973 1368 1020 malorum
1397 968 1623 1034 obstipant
1654 969 1865 1019 interiora
1894 969 2055 1018 mentis
2084 971 2316 1031 naturalis,
2361 984 2410 1020 ut

418 1039 588 1087 dietum
609 1037 676 1086 est
691 1073 706 1096 ‚
743 1038 914 1086 tamdiu
932 1038 1073 1085 homo
1093 1036 1158 1084 est
1178 1037 1222 1084 in
1241 1037 1448 1092 inferno‚·
1482 1048 1530 1082 ut
1550 1036 1745 1099 primum
1764 1048 1915 1083 autem
1936 1035 2307 1098 concupiscentiae
2324 1039 2409 1086 illae

347 1099 367 1116 ‘
420 1119 448 1155 a
477 1105 679 1160 Domino
709 1102 909 1150 discuffae
940 1103 1063 1157 sunt,
1093 1103 1235 1150 homo
1265 1101 1330 1149 est
1359 1101 1404 1148 in
1424 1103 1549 1148 caelo.
1613 1101 1770 1159 Tum,
1804 1101 2014 1164 quamdiu
2034 1102 2409 1163 concupiscentiae

416 1169 634 1215 malorum
664 1167 889 1228 obstipant
917 1167 1127 1215 interiora
1157 1168 1318 1214 mentis
1348 1166 1577 1223 naturalis,
1613 1167 1786 1213 tamdiu
1814 1164 1879 1213 est
1907 1167 2048 1214 homo
2077 1168 2318 1226 naturalis3
2358 1180 2409 1216 ut

415 1233 608 1295 primum
639 1246 789 1280 autem
820 1232 1193 1294 concupiscentiae
1212 1233 1297 1279 illae
1316 1247 1342 1278 a
1362 1231 1565 1279 Domino
1582 1230 1782 1280 discuss‘ae
1798 1231 1919 1290 sunt,
1957 1229 2023 1278 est
2039 1230 2181 1279 homo
2203 1232 2401 1294 spiritua-

418 1298 483 1345 lis.
550 1298 674 1344 Tum
691 1334 705 1353 ‚
741 1298 951 1360 quamdiu
981 1297 1352 1357 concupiscentiae
1382 1297 1597 1342 malorum
1619 1294 1844 1358 obstipant
1867 1297 2079 1345 interiora
2096 1299 2257 1346 mentis
2277 1309 2406 1346 natu·

415 1362 544 1419 raliS,
578 1362 748 1423 tamdiu
782 1363 920 1409 homo
954 1360 1018 1408 est
1049 1362 1238 1417 animal,
1274 1359 1429 1407 differt
1460 1360 1624 1418 modo,
1658 1361 1778 1423 qnod
1809 1362 1940 1422 posfit
1959 1361 2160 1425 cogitare
2182 1362 2231 1410 ἃ
2255 1364 2403 1426 loqui,

419 1431 557 1474 etiam
586 1428 644 1474 de
666 1426 823 1473 talibus
843 1441 942 1488 quae
961 1440 1050 1473 non
1073 1425 1196 1473 videt
1219 1427 1361 1472 oculis
1376 1461 1388 1482 ‚
1425 1424 1545 1487 quod
1564 1424 1695 1472 trahit
1717 1442 1743 1473 a
1762 1425 1978 1474 facultate
1995 1427 2255 1475 elevationis
2274 1427 2403 1475 intel·

413 1490 551 1540 leSius
578 1492 626 1539 in
653 1493 802 1539 lucem
835 1492 956 1546 caeli3
990 1504 1037 1537 ut
1067 1492 1258 1553 primum
1277 1503 1425 1537 autem
1446 1490 1819 1552 concupiscentiae
1835 1492 1921 1538 illae
1939 1506 1965 1538 a
1988 1491 2188 1539 Domino
2207 1492 2402 1540 discuss'ae

410 1556 510 1603 suut
524 1593 535 1612 ‚
573 1557 711 1603 homo
730 1555 795 1602 est
815 1555 979 1610 homo,
1015 1557 1117 1617 quia
1140 1569 1245 1602 tunc
1266 1557 1437 1617 cogitat
1462 1570 1614 1602 verum
1642 1555 1689 1603 in
1709 1554 1932 1603 intellessiu
1955 1571 2011 1603 ex
2033 1558 2153 1604 bono
2176 1557 2222 1604 in
2244 1558 2399 1606 voluu-

400 1633 521 1669 tate.
557 1621 684 1667 Tum
706 1622 868 1674 etiam,
905 1620 1118 1681 quamdiu
1146 1620 1522 1681 concupiscentiae
1541 1621 1755 1667 malorum
1778 1619 2003 1684 obstipant
2033 1621 2245 1670 interiora
2269 1637 2395 1680 men·

413 1686 468 1734 tis
486 1685 715 1741 naturalis,
755 1683 922 1731 tamdiu
945 1682 1009 1729 est
1033 1685 1171 1731 homo
1189 1684 1299 1732 ficut
1322 1684 1478 1731 hortus
1500 1698 1705 1747 tempore
1727 1684 1927 1748 hyemis;
1959 1698 2006 1733 ut
2026 1686 2223 1748 primum
2243 1699 2394 1736 autem

308 1765 313 1769 ·
411 1749 785 1811 concupiscentiae
806 1750 888 1797 inae
917 1763 944 1794 a
973 1749 1180 1797 Domino
1208 1747 1404 1797 discuffae
1444 1747 1541 1796 sunt
1564 1780 1606 1807 ,γ
1632 1749 1698 1798 est
1735 1751 1805 1799 ille
1850 1749 1962 1799 ficut
2005 1749 2158 1800 hortus
2189 1764 2404 1815 tempore.

414 1813 587 1863 aestatis.

476 1877 744 1942 Conjunffio
764 1880 1001 1929 voluntatis
1023 1878 1071 1928 ἃ
1092 1877 1340 1927 intellectus
1362 1879 1481 1942 apud
1498 1878 1756 1937 hominem,
1788 1879 2044 1943 inteiligitur
2063 1880 2110 1929 in
2133 1882 2297 1932 Verbo
2314 1897 2405 1946 per

412 1944 505 1992 Cor
535 1944 584 1992 ἃ
605 1945 844 2001 Animam,
878 1944 928 1993 ἃ,
957 1961 1035 2007 per
1048 1946 1139 1992 Cor
1159 1943 1207 1992 ἃ
1232 1944 1474 2006 Spiritum,
1508 1957 1556 1992 ut
1574 1944 1697 2008 quod
1719 1946 1912 1994 amaturi
1933 1947 2014 1994 fint
2035 1947 2188 1995 Deum
2213 1963 2269 1996 ex
2293 1960 2394 1996 toto

415 2008 563 2056 Corde
585 2009 635 2056 δι
661 2024 717 2056 ex
741 2021 837 2056 tota
859 2010 1050 2066 Anima,
1086 2009 1257 2057 Matth.
1279 2009 1432 2058 XXII.
1457 2024 1541 2071 35:
1563 2008 1614 2058 ἃ
1637 2010 1756 2071 quod
1779 2011 1904 2059 Deus
1924 2010 2104 2063 daturus
2137 2011 2189 2060 fit
2221 2028 2392 2061 novum

410 2073 504 2121 Cor
530 2072 580 2122 δι
606 2088 775 2121 novum
800 2076 1038 2136 Spiritum,
1071 2075 1237 2122 Ezech.
1258 2075 1338 2121 XI.
1375 2089 1447 2133 19.
1467 2076 1579 2136 Cap.
1597 2075 1821 2124 XXXVI.
1845 2080 1918 2124 26,
1948 2091 2021 2135 27.
2042 2092 2058 2134 3
2087 2092 2168 2138 per
2197 2079 2288 2125 Cor
2323 2079 2392 2126 in·

412 2139 622 2201 telligitur
642 2139 866 2187 Voluntas
890 2141 936 2187 <St
958 2141 1054 2203 ejus
1075 2154 1202 2189 amor
1217 2175 1234 2198 ,
1266 2154 1320 2186 ac
1342 2154 1423 2201 per
1444 2141 1658 2188 Animam
1678 2137 1728 2187 δι
1750 2154 1833 2201 per
1859 2140 2100 2204 Spiritum,
2137 2140 2400 2191 Intelleetue.

408 2200 462 2250 ἃ
490 2204 588 2266 ejus
620 2201 847 2264 sapientia.

409 2331 639 2435 Quod
651 2352 1000 2435 quantum
1023 2335 1177 2437 quis
1203 2330 1440 2412 omnis
1460 2333 1743 2440 generis
1757 2331 1911 2411 falsa
1928 2333 2389 2416 Testimonia

514 2461 602 2519 ut
629 2464 924 2547 peccata
950 2442 1167 2550 fugit,
1199 2462 1482 2521 tantum
1505 2443 1913 2521 Veritatem
1946 2463 2160 2523 amet.

405 2602 481 2660 87.
529 2608 660 2717 Per
683 2599 791 2648 false
817 2594 966 2648 testari
998 2600 1042 2648 in
1064 2599 1248 2648 naturali
1266 2599 1388 2648 seusu
1411 2614 1499 2647 non
1521 2599 1661 2648 modo
1680 2599 1941 2662 intelligitur
1964 2599 2123 2649 falsum
2146 2600 2305 2651 testem
2327 2618 2379 2652 a·

647 2680 777 2727 gere,
810 2664 886 2712 sed
915 2665 1051 2713 etiam
1081 2666 1259 2713 mentiri
1290 2664 1339 2712 δι
1368 2663 1625 2714 diffamare:
1659 2681 1741 2728 per
1777 2664 1884 2713 false
1914 2663 2065 2714 testari
2091 2667 2137 2715 in
2170 2666 2388 2730 spirimali³

401 2728 524 2777 sensu
553 2729 809 2792 intelligitur
836 2730 986 2782 dicere
1009 2728 1058 2777 ἃ
1078 2729 1339 2791 persuadere
1359 2728 1476 2791 quod
1501 2728 1654 2777 falsum
1678 2729 1730 2777 fit
1749 2745 1906 2778 verum
1920 2767 1949 2786 ,,
1966 2730 2015 2779 ἃ
2038 2732 2203 2779 malum
2222 2731 2275 2781 fit
2296 2735 2378 2783 bo·

550 2859 867 2907 ΒΟ
884 2792 2161 2908 egetsa0affffihtfflzasiesssz:221eet-‘gean‘
2179 2797 2279 2909 Ψ
2299 2799 2378 2912 ¹³2³:
2431 2822 2438 2882 ff

400 2873 536 2970 Ξῑῗῐῗι
555 2921 722 2971 faciant
744 2924 860 2984 apud
881 2897 1237 2971 hominem-false
1260 2922 1519 2981 testantem,
1554 2875 2138 2987 mendaciutgloquenteim
2240 2879 2373 2976 difllfa·
2428 2887 2435 2917 ²⁴

398 2996 595 3035 mantem
610 3025 622 3042 ‚
643 2987 843 3034 constare
866 2987 1011 3048 potest
1034 3005 1089 3035 ex
1113 2989 1220 3047 illis,
1254 3003 1354 3051 quae
1372 2988 1416 3035 in
1439 2990 1695 3038 Docranu
1716 3004 1780 3037 na
1806 2991 2076 3046 Semnum
2107 2991 2285 3051 Saeua,
2312 2991 2372 3042 de

400 3052 566 3114 triplici
587 3052 705 3099 sensu
725 3053 925 3099 omnium
948 3053 1119 3111 Verbi,
1150 3068 1194 3100 n.
1217 3067 1261 3112 5.
1282 3058 1325 3100 6.
1347 3068 1373 3113 7
1399 3051 1514 3116 seqq.
1538 3053 1588 3101 ἃ
1612 3069 1641 3101 n
1682 3069 1772 3113 57,
1805 3053 1975 3103 ostensa
1994 3055 2105 3102 sunt.

466 3122 541 3169 88.
578 3117 803 3181 Quoniam
836 3117 1131 3165 Mendacium
1158 3117 1208 3166 ἃ
1238 3118 1432 3166 Veritas>
1465 3118 1562 3165 sunt
1597 3118 1698 3167 duo-
1720 3119 1949 3182 oppofita,
1985 3119 2178 3182 sequitur
2202 3157 2217 3181 ,
2251 3119 2377 3184 quod·

396 3196 610 3244 §tantum
631 3184 724 3247 quis
743 3182 860 3247 fugit
884 3183 1166 3233 mendacium
1190 3195 1237 3233 ut
1259 3194 1493 3296 peccattgn
1508 3218 1522 3242 ,
1556 3196 1730 3233 tantum
1745 3196 1868 3235 amet
1886 3183 2136 3235 veritatem.
2214 3246 2263 3315 Q

505 3276 509 3280 -
1507 3263 1542 3310 3.
2119 3255 2192 3309 89.
2252 3262 2372 3299 vuano
