2502 3432
246 185 329 251 18
549 180 701 244 DE
779 178 1292 243 ULTIMO
1373 179 1916 269 Juolclo

242 281 300 361 ἀὲ
323 313 454 360 Bono
482 309 695 375 spirituali
718 309 767 356 ac
793 309 968 365 moran,
1002 309 1061 357 de
1082 310 1231 367 veris,
1267 311 1316 358 ac
1342 309 1577 368 amnibus,
1614 313 1662 361 ac
1686 311 1743 359 fic
1767 314 2235 427 ψ(

247 379 302 426 ad
329 376 481 440 Ipsum
507 377 752 431 Divinum,
786 377 836 424 &
874 376 1272 443 lpfi—ffirQnia
1312 376 1384 424 illa
1424 392 1450 424 c
1516 375 1681 441 'ungi·,
1716 392 1760 425 at
1795 396 1889 443 quo
1956 382 2107 429 bestiae
2146 401 2235 432 non

249 435 577 506 elevafi‘ifipra
615 441 809 489 naturale
846 432 975 489 su‘um
1010 443 1066 490 ad
1101 393 1728 507 cogitanfl't‘ffiiffl—poffint,
1763 446 2080 509 consequenter
2113 451 2239 512 quod

251 508 473 572 spirituale
512 523 665 555 earum
707 522 797 555 non
836 509 967 570 poffit
1007 506 1190 571 separari
1229 525 1252 556 a
1291 510 1478 556 naturali
1510 525 1663 557 earum
1703 511 1803 574 post
1844 526 2036 560 mortem
2063 518 2149 574 (i),
2192 533 2243 564 ac

251 578 402 623 vivere
426 588 505 638 per
535 573 741 631 se‚·‘s1cut
765 573 987 636 spirituale
1013 575 1206 623 hominis
1229 597 1244 630 ς
1278 591 1383 638 quae
1406 570 1541 624 etiam
1566 576 1628 622 est
1652 576 1790 634 causa,
1827 580 1951 641 quod
1975 580 2068 641 ,igjta
2094 582 2243 632 bestiae

253 658 361 689 cum
375 645 493 706 ζίφει
532 640 717 706 natggali
759 641 852 703 ejus
893 640 1140 706 diffipetur.
1212 642 1358 702 Qod
1392 636 1543 705 plures
1577 642 1898 705 Intelligentes‚
1934 647 1995 692 ita
2034 647 2159 706 dic‘ti,
2196 652 2242 698 in

241 708 504 755 'Christiano
543 707 668 753 Orbe
713 722 807 754 non
854 721 926 752 cre
960 721 1034 754 ant
1081 708 1463 755 immortalitatem
1509 706 1601 754 suae
1644 710 1767 765 vitae,
1825 710 2034 759 dicebant
2071 716 2242 778 Angeli

254 774 447 830 causam,
484 771 760 836 quia'corde
800 786 965 834 negant
985 774 1229 830 Divinum,
1263 774 1313 821 &
1334 789 1417 836 pro
1441 774 1615 820 Divino
1650 774 1896 836 agnoscunt
1922 778 2161 840 Naturam,
2196 785 2245 830 δι

255 840 319 886 illi
343 841 422 903 qui
446 855 502 884 ex
525 838 686 885 talibus
710 839 941 902 principiis
963 839 1182 901 cogitant,
1217 855 1308 886 non
1335 839 1513 902 possunt
1535 838 1731 901 cogitare
1754 840 1810 888 de
1835 841 1980 903 aliqua
2003 847 2248 895 aeternitate

255 921 337 968 per
361 903 723 968 conjunctionem
748 920 855 951 curn
875 905 1067 963 Divino,
1100 903 1417 969 consequenter
1454 921 1536 951 nec
1577 907 1632 951 de
1673 905 1869 953 diffimili
1903 906 2015 954 statu
2051 911 2248 960 hominis

254 987 279 1019 a
302 970 418 1020 statu
455 970 712 1034 bestiarum,
748 986 851 1018 narn
889 986 997 1018 cum
1024 972 1246 1019 Divinum
1271 988 1296 1018 a
1318 972 1592 1034 cogitatione
1615 969 1836 1034 rejiciunt,
1871 973 2006 1020 etiarn
2046 974 2248 1039 rejiciunt

254 1049 496 1086 aeternum.
565 1037 710 1085 Porro
732 1035 959 1093 dicebant,
993 1037 1120 1099 quod
1159 1037 1280 1102 apud
1320 1038 1676 1100 unumquemvis
1714 1037 1948 1085 hominem
1990 1039 2041 1088 sit
2082 1044 2248 1105 gradus

255 1105 366 1151 vitae
401 1105 588 1151 intimus
621 1103 694 1150 seu
723 1102 974 1166 supremus,
1007 1102 1080 1150 seu
1105 1103 1321 1151 intimum
1355 1115 1432 1150 aut
1463 1102 1726 1166 supremum
1761 1104 2015 1166 quoddam,
2051 1107 2097 1154 in
2119 1111 2248 1170 quod

256 1170 484 1218 Divinum
518 1170 711 1217 Domini
751 1170 955 1232 primurn
989 1181 1067 1217 aut
1096 1171 1304 1233 proxime
1338 1169 1500 1225 influit,
1535 1170 1586 1216 ὅτ
1622 1185 1677 1215 ex
1714 1185 1808 1231 quo
1849 1168 2045 1232 disponit
2082 1175 2249 1238 reliqua

255 1237 484 1294 interiora,
518 1251 626 1300 quae
665 1234 901 1298 spiritualis
933 1236 984 1284 ὅτ
1021 1236 1228 1284 naturalis
1250 1236 1447 1283 hominis
1470 1234 1589 1289 sunt',
1625 1235 1673 1281 &
1698 1234 1944 1282 secundum
1968 1237 2135 1299 gradus
2156 1242 2250 1288 Or-

258 1303 375 1350 dinis
396 1301 521 1367 apud
545 1302 646 1350 illos
669 1301 944 1364 sqneedunt:
982 1302 1067 1349 hoc
1102 1302 1318 1348 intimum
1354 1300 1427 1346 seu
1467 1298 1727 1362 supremum
1756 1301 1975 1349 vocabant
2011 1304 2249 1354 introitum

258 1369 452 1416 Domini
489 1369 547 1416 ad
583 1364 838 1424 hom‘inem,
873 1383 924 1414 ac
946 1367 1213 1429 ipfiffimum
1236 1365 1362 1413 Illius
1383 1365 1672 1412 domicilium
1694 1367 1817 1428 apud
1851 1366 1979 1414 illum
2002 1388 2017 1423 3
2052 1370 2101 1416 &
2124 1373 2252 1434 quod

258 1444 339 1496 per
372 1434 460 1481 hoc
499 1433 716 1481 intimum
754 1432 828 1479 seu
870 1432 1131 1494 supremum
1167 1431 1310 1478 homo
1349 1430 1403 1477 fit
1438 1431 1596 1487 home,
1633 1431 1682 1478 δε
1717 1430 2017 1494 distinguatur
2053 1450 2078 1481 a
2112 1435 2253 1486 brutis
2324 1469 2328 1471 >

260 1499 542 1555 animalibus,
577 1513 685 1562 quae
722 1497 836 1544 illud
874 1512 964 1544 non
999 1497 1164 1544 habent
1180 1519 1195 1553 ;
1212 1497 1280 1544 ⁸&
1304 1496 1429 1559 quod
1453 1496 1557 1543 inde
1579 1495 1649 1553 fit,
1684 1497 1811 1559 quod
1833 1497 2037 1547 homines
2061 1499 2182 1551 secus
2204 1519 2254 1552 ac

263 1565 470 1613 animalia
505 1566 670 1629 poffint
704 1562 856 1628 quoad
892 1563 1117 1619 interiora,
1153 1579 1260 1626 quae
1282 1561 1383 1610 sunt
1407 1563 1570 1610 mentis
1593 1562 1643 1610 δε
1666 1564 1805 1610 animi
1835 1578 2014 1621 eorum,
2048 1567 2208 1616 elevari
2230 1587 2255 1616 a

260 1633 470 1678 Domino
492 1631 548 1678 ad
570 1632 645 1687 Se,
679 1632 846 1693 possint
869 1629 1045 1679 credere
1068 1630 1113 1674 in
1137 1628 1311 1690 Ipsum,
1345 1629 1462 1674 affici
1483 1642 1634 1673 amore
1657 1628 1703 1673 in
1727 1629 1900 1690 Ipsum,
1933 1630 1984 1675 ὅτ
2007 1633 2134 1692 quod
2155 1635 2256 1696 pos-

263 1696 349 1744 fint
370 1698 564 1759 recipere
583 1695 924 1756 *intelligentiam
950 1694 997 1739 δε
1023 1691 1296 1754 sapientiam,
1334 1694 1382 1738 &
1407 1692 1534 1753 loqui
1566 1706 1622 1737 ex
1653 1693 1833 1750 ratione.
1902 1694 1983 1740 Ad
2009 1696 2254 1762 interroga-

259 1764 432 1810 tionem
458 1762 515 1808 de
537 1761 623 1808 illis
646 1762 727 1822 qui
750 1770 916 1822 negant
937 1759 1181 1814 Divinum,
1217 1772 1266 1804 ac
1290 1757 1599 1804 Divinavera
1629 1772 1710 1820 per
1737 1773 1844 1820 quae
1866 1757 2124 1820 conjunctio
2147 1767 2256 1812 vitae

265 1828 461 1875 hominis
485 1842 594 1874 curn
614 1825 722 1888 >Ipso
744 1825 936 1880 Divino,
970 1823 1096 1887 quod
1120 1822 1258 1886 usque
1282 1823 1347 1870 illi
1371 1823 1526 1869 vivant
1551 1823 1596 1869 in
1621 1830 1863 1881 aeternum,
1898 1825 2107 1876 dicebant
2129 1833 2257 1892 quod

265 1894 352 1941 illis
390 1908 523 1957 aeque
557 1891 742 1939 facultas
777 1890 829 1937 s1t
859 1890 1092 1953 cogitandi
1125 1890 1174 1937 δε
1197 1889 1398 1945 volendi,
1435 1889 1627 1951 proinde
1649 1889 1933 1937 credendi&
1953 1895 2133 1940 amandi
2157 1897 2258 1946 talia

264 1975 372 2024 quae
404 1975 460 2006 ex
481 1959 654 2006 Divino
683 1956 799 2012 sunt,
836 1956 947 2003 ficut
981 1955 1046 2002 est
1080 1956 1166 2002 illis
1203 1955 1286 2017 qui
1321 1954 1568 2016 agnoscunt
1591 1954 1835 2011 Divinum,
1869 1955 1919 2002 &
1944 1959 2069 2019 quod
2094 1960 2170 2007 illa
2192 1962 2258 2011 fa-

267 2026 410 2073 cultas
433 2025 486 2072 s1t
507 2040 612 2088 quae
635 2022 743 2070 facit
764 2022 888 2086 quod
915 2037 1044 2084 aeque
1067 2022 1112 2068 in
1137 2034 1356 2067 aeternurn
1382 2021 1570 2075 vivant;
1605 2019 1829 2067 addebant
1851 2023 1978 2084 quod
2002 2040 2051 2070 ea
2074 2024 2259 2077 facultas

255 2093 355 2140 >illis
387 2092 440 2139 fit
472 2106 530 2138 ex
559 2091 724 2137 intimo
757 2088 830 2136 seu
865 2087 1075 2150 supremo
1108 2087 1202 2142 illo,
1238 2085 1365 2148 quod
1399 2086 1543 2131 cuivis
1573 2085 1747 2132 homini
1771 2085 1897 2141 inest,
1932 2087 1989 2133 de
2011 2105 2106 2152 quo
2129 2091 2261 2155 supra

233 2190 239 2197 -
266 2159 443 2205 dictum
482 2155 581 2212 est3
615 2156 743 2219 quod
775 2155 910 2201 etiam
943 2153 1029 2200 illis
1066 2154 1146 2217 qui
1186 2154 1230 2198 in
1262 2149 1443 2198 lnferno
1476 2150 1591 2206 sunt,
1628 2150 1678 2198 fit
1712 2151 1785 2198 illa
1814 2150 2018 2210 faculta3‚
2051 2156 2102 2202 &
2134 2161 2261 2219 quod

269 2225 372 2272 inde
408 2223 495 2270 illis
536 2221 721 2269 facultas
758 2220 1047 2268 ratiocinandi
1083 2225 1133 2270 ὅτ,
1165 2216 1383 2280 loquendi
1415 2229 1569 2264 contra
1591 2217 1760 2264 Divina
1782 2232 1903 2274 vera,
1939 2220 2093 2267 multis
2117 2223 2262 2272 osten-

255 2282 369 2337 sum
393 2289 485 2338 est:
522 2288 627 2335 inde
649 2287 729 2344 est,
764 2286 891 2350 quod
921 2287 1071 2333 omnis
1109 2286 1268 2340 home,
1304 2283 1621 2346 qualiscunque
1657 2282 1737 2340 est,
1771 2283 1896 2330 vivat
1934 2285 1980 2331 in
2021 2299 2262 2341 aeternum.

271 2357 397 2416 Qia
429 2355 580 2403 omnis
612 2354 755 2401 horno
783 2351 885 2416 post
908 2359 1102 2398 mortem
1127 2351 1245 2397 vivit
1268 2350 1312 2397 in
1333 2361 1576 2412 aeternum,
1612 2349 1714 2394 ideo
1737 2348 1956 2411 nusquam
1980 2351 2139 2415 aliquis
2164 2359 2266 2404 An-

271 2422 418 2486 gelus,
453 2436 533 2467 nec
557 2419 716 2482 aliquis
740 2419 951 2480 Spiritus,
987 2419 1158 2479 cogitat
1194 2415 1250 2461 de
1280 2427 1450 2470 morte,
1487 2416 1584 2461 imo
1612 2413 1790 2476 prorsus
1827 2414 2041 2474 nesciunt,
2077 2422 2186 2482 quid
2212 2422 2266 2470 fit

273 2489 419 2534 moriz
454 2497 727 2550 quapropter
751 2499 857 2531 cum
883 2494 1160 2529 memoratur
1183 2482 1229 2527 in
1251 2480 1407 2528 Verbo
1432 2487 1571 2536 morS,
1608 2480 1873 2541 intelligitur
1896 2482 1951 2528 ab
1975 2486 2168 2546 Angelis
2190 2489 2265 2536 vel

271 2555 518 2609 damnatiO,
564 2566 671 2615 quae
694 2550 757 2597 est
783 2563 906 2596 mors
927 2550 973 2595 in
996 2547 1211 2612 spirituali
1234 2546 1374 2601 sensu,
1410 2545 1483 2592 vel
1505 2547 1782 2592 continuatio
1807 2547 1916 2592 vitae
1938 2549 1987 2595 δε
2011 2550 2268 2601 resurrectio

273 2621 369 2678 (k.)
438 2619 562 2666 Haec
602 2616 721 2663 dicia
759 2615 876 2672 sunt,
913 2626 964 2662 ut
998 2613 1310 2668 confirmetur,
1358 2611 1677 2674 quodsomnes
1716 2611 1938 2669 homines,
1973 2629 2267 2682 quotcunque

273 2686 364 2732 nati
386 2684 488 2732 sunt
510 2701 535 2731 a
555 2682 778 2747 principio
808 2682 1062 2737 creationis,
1098 2682 1148 2728 ὅτ
1167 2675 1386 2734 defuncti,
1422 2678 1595 2734 vivant,
1630 2677 1819 2740 quidam
1842 2679 1887 2725 in
1910 2682 2051 2738 coelo,
2085 2684 2136 2731 &c
2157 2685 2262 2747 qui-

276 2751 381 2796 dam
407 2753 452 2796 in
477 2748 666 2798 inferno,

343 2815 420 2864 26.
455 2816 528 2862 Ut
562 2815 717 2862 scirem
751 2813 862 2878 quod
879 2829 1014 2860 omnes
1034 2820 1289 2876 quotcunque
1312 2812 1407 2857 nati
1420 2810 1526 2872 sunt
1550 2810 1731 2857 homines
1753 2827 1781 2856 a
1796 2812 2008 2875 principio
2028 2815 2267 2872 creationis,

274 2881 329 2929 ΕΞ*
352 2880 555 2940 defunbli‚
590 2883 635 2929 in
657 2881 764 2928 Coelo
800 2880 874 2927 vel
904 2883 951 2926 in
975 2879 1264 2941 Infernofint,
1300 2878 1459 2923 datum
1497 2876 1558 2922 est
1599 2876 1710 2922 mihi
1747 2876 1871 2939 loqui
1904 2892 2011 2923 cum
2045 2877 2267 2941 aliquibus

272 2946 355 3008 qui
376 2946 587 2991 vixerunt
610 2957 710 2992 ante
734 2945 963 2992 diluvium
986 2967 999 3000 ·,
1034 2945 1086 2991 &
1109 2958 1291 3007 quoque
1314 2958 1420 2990 cum
1443 2942 1667 3005 aliquibus
1690 2943 1771 3005 qui
1795 2943 2002 2988 vixerunt
2024 2943 2124 3002 post
2147 2944 2266 2992 dilu-

204 3009 218 3016 ‘
273 3012 403 3057 vium
426 3030 439 3064 ;
479 3022 530 3055 ut
552 3009 602 3056 δε
625 3025 732 3056 curn
756 3010 1024 3072 quibusdam
1049 3025 1106 3057 ex
1132 3010 1281 3056 Gente
1306 3009 1497 3068 Judaica
1520 3010 1636 3055 notis
1659 3023 1714 3054 ex
1738 3007 1889 3054 Verbo
1913 3006 2084 3054 Veteris
2109 3011 2266 3058 Testa-

275 3077 453 3130 menti·,
487 3089 596 3120 cum
633 3074 902 3135 quibusdam
941 3077 1022 3135 qui
1056 3076 1266 3120 vixerunt
1299 3087 1500 3136 tempore
1527 3074 1753 3128 Domini;
1789 3081 1895 3119 cum
1931 3072 2153 3134 pluribus,
2186 3080 2268 3138 qui

271 3144 324 3189 “in
342 3139 632 3205 sequentibus
655 3137 826 3187 saeculis
847 3137 986 3200 usque
1007 3140 1062 3186 ad
1087 3141 1390 3194 hodiernum,
1427 3154 1477 3185 ac
1518 3139 1696 3202 insuper
1735 3153 1842 3184 cum
1885 3139 2111 3198 omnibus,
2148 3143 2269 3203 post-

2134 3224 2273 3270 quam
