2502 3432
508 193 646 256 ET
692 189 1298 256 BA‘B‘wLoNrA
1346 189 2032 255 DESTRUCTA.
2177 210 2267 273 47

294 329 346 366 ut
367 317 587 380 reveletur
616 316 811 370 mundo,
823 313 969 378 'quod
1003 314 1176 369 omnia,
1207 329 1315 376 quae
1345 315 1396 373 in
1416 317 1691 379 Apocalypfi
1731 317 1945 381 praedifta
1980 314 2101 372 sunt,
2136 314 2273 361 Divi-

292 385 414 431 nitus
436 384 640 447 inspirata
658 381 761 436 fiat,
792 376 843 426 8τ
864 378 991 442 quod
1025 378 1079 426 fit
1100 378 1242 426 Liber
1274 379 1564 443 propheticus
1586 381 1759 437 Verbi;
1795 398 1903 429 nam
1941 381 2020 429 nisi
2060 381 2108 427 id
2144 395 2275 428 reve·

290 448 456 497 laretur
493 447 683 502 mundo,
714 446 766 493 δε
799 444 933 492 fimul
976 443 1123 492 sensus
1161 444 1377 502 internus,
1411 446 1492 508 qui
1530 444 1595 492 est
1632 447 1679 492 in
1717 447 1902 508 singulis
1942 448 2023 503 ibi,
2070 446 2182 493 ficut
2221 445 2271 492 in

288 513 471 578 lingulis
504 511 836 574 Prophetarum
860 507 1032 557 Veteris
1060 509 1355 566 Testamenti,
1390 510 1600 572 potuiffet
1634 510 1708 556 ille
1739 511 1881 557 Liber
1914 511 1976 558 ob
2010 527 2101 558 non
2138 510 2273 558 intel·

286 580 454 627 lectum
475 576 631 640 rejici,
662 575 789 639 quod
813 575 962 622 secum
988 576 1035 622 id
1057 575 1342 622 incredulum
1365 573 1523 631 ferret,
1547 576 1673 638 quod
1699 575 1788 631 illa,
1822 591 1931 638 quae
1953 576 2015 621 ibi
2038 577 2277 631 dicuntur,

289 659 383 693 non
417 653 668 689 mereantur
703 641 863 697 fidem,
907 641 1004 687 imo
1025 641 1150 704 quod
1174 656 1266 687 non
1288 641 1527 687 Ultimum
1550 641 1736 703 aliquod
1759 641 1997 700 Judicium
2021 654 2273 688 venturum

289 711 359 765 fit,
392 709 440 755 in
463 712 566 770 'qua
599 706 692 754 fide
729 706 772 754 se
811 706 1128 754 confirmarent
1164 707 1228 752 illi
1260 707 1340 768 qui
1362 722 1387 752 e
1409 706 1670 768 Babylonia,
1706 721 1804 769 prae
1825 706 1951 753 aliis:
1988 705 2074 752 hoc
2097 721 2152 751 ne
2175 706 2269 760 fiat,

285 775 455 838 placuit
474 773 699 829 Domino,
734 787 809 819 me
846 770 988 819 facere
1025 771 1180 819 testem
1224 771 1465 821 ocularem.
1533 772 1623 818 Sed
1644 772 1815 827 omnia,
1848 787 1957 834 quae
1977 770 2071 816 visa
2093 770 2194 817 sunt
2214 771 2274 816 de

284 834 471 888 Ultimo
492 838 677 899 Judicio
713 836 843 900 super
880 837 981 884 illos
1015 838 1096 900 qui
1131 854 1156 884 e
1179 837 1440 898 Babylonia,
1476 836 1550 883 seu
1584 837 1643 884 de
1667 836 1965 884 destruffione
1988 835 2273 897 Babyloniae,

286 921 378 953 non
401 905 578 968 poffunt
601 903 673 950 hic
697 902 861 960 afferri,
894 904 998 966 quia
1020 915 1115 950 tam
1140 903 1285 950 multa
1300 901 1419 956 sunt,
1455 915 1507 949 ut
1527 902 1727 949 Librum
1749 902 1962 958 facerent,
1996 914 2274 964 quapropter

282 971 357 1017 hic
381 970 523 1017 solum
546 969 718 1031 aliquot
739 969 1001 1017 communia
1022 968 1213 1024 tradam,
1250 966 1509 1016 reservando
1531 968 1809 1031 particularia
1827 968 1885 1014 ad
1902 967 2274 1028 Explicationem

283 1035 415 1099 super
435 1034 758 1098 Apocalypsin.
827 1035 1059 1095 Quoniam
1084 1034 1355 1096 Babylonica
1377 1034 1502 1081 Gens
1536 1033 1736 1080 consedit
1765 1035 1815 1081 δι
1836 1032 2012 1080 extensa
2032 1032 2121 1079 fuit
2142 1031 2275 1094 super

281 1102 433 1164 plures
464 1101 630 1147 traQus
667 1101 715 1146 in
737 1099 864 1148 Orbe
898 1099 1129 1163 spirituali,
1164 1102 1214 1146 &
1237 1099 1459 1147 societates
1481 1098 1563 1147 fibi
1580 1097 1796 1147 formavit
1817 1100 1865 1145 in
1887 1098 2015 1146 omni
2036 1098 2169 1160 plaga
2191 1097 2275 1152 ibi,

282 1177 338 1212 ut
365 1163 588 1214 ostensum
619 1163 685 1212 est
712 1163 843 1228 supra
873 1181 905 1212 n
929 1182 941 1213 z
969 1167 1052 1228 58,
1083 1165 1224 1213 velim
1246 1165 1509 1228 smgillatim
1532 1164 1777 1215 describere
1797 1163 2038 1229 quomodo
2059 1161 2278 1211 destruffi

284 1229 388 1277 funt
416 1232 464 1276 in
490 1229 687 1292 qualibet
706 1230 859 1293 Plaga.
1902 1232 1907 1235 ’

354 1295 431 1340 61.
466 1293 576 1345 Post
595 1294 907 1342 visitationem
931 1293 1046 1343 fasta
1065 1296 1131 1344 est
1151 1296 1391 1344 destructio
1410 1319 1426 1352 ;
1460 1312 1567 1345 nam
1591 1296 1800 1345 Vifitatio
1821 1295 1997 1359 semper
2017 1293 2236 1358 praecedit
2253 1314 2272 1348 3
2339 1298 2352 1357 ζ

284 1358 492 1406 Vifitatio
526 1358 591 1404 est
619 1359 866 1420 exploratio
902 1360 1053 1420 quales
1087 1361 1204 1416 sunt,
1239 1363 1290 1407 δι
1325 1378 1508 1424 quoque
1543 1362 1756 1425 separatio
1794 1362 2020 1409 bonorum
2059 1376 2086 1405 a
2125 1359 2273 1413 malis,
2349 1363 2357 1421 ξ

198 1475 202 1479 ,
284 1440 338 1472 ac
370 1424 477 1471 boni
501 1422 607 1470 inde
638 1421 900 1471 auferuntur
920 1424 971 1470 δε
995 1425 1100 1470 mali
1125 1426 1450 1486 relinquuntur.
1519 1426 1603 1472 Illa
1621 1426 1797 1487 peracta
1818 1424 1926 1471 faeti
1946 1425 2048 1470 sunt
2067 1425 2277 1484 ingentes
2353 1426 2361 1477 ἱ,

287 1502 441 1538 motus
475 1500 607 1563 terme
621 1509 640 1543 ς
670 1503 729 1535 ex
747 1487 914 1551 quibus
933 1488 1360 1546 animadverterunt,
1395 1490 1524 1553 quod
1545 1491 1784 1537 Ultimum
1808 1490 2048 1549 Judicium
2071 1487 2273 1544 instaret,
2359 1514 2365 1542 :-

285 1567 456 1603 tremor
492 1566 627 1600 etiam
665 1566 776 1600 tunc
811 1556 1056 1614 occupavit
1091 1569 1290 1609 omnes;
1322 1554 1406 1600 vifi
1438 1567 1547 1602 tunc
1585 1555 1652 1601 illi
1689 1556 1772 1616 qui
1810 1556 1859 1601 in
1891 1556 2269 1600 Memmotuu
2358 1552 2362 1574 ³

285 1621 472 1666 Pnaca
494 1616 766 1672 habitabant,
799 1617 1029 1677 imprimis
1058 1619 1140 1678 qui
1171 1619 1220 1663 in
1250 1632 1417 1678 magna
1438 1618 1570 1665 Urbe
1602 1619 1683 1673 ibi,
1719 1618 1778 1664 de
1807 1633 1899 1680 qua
1929 1615 2061 1680 supra
2093 1633 2123 1663 n
2147 1634 2160 1663 ε
2189 1620 2276 1678 58,

282 1682 412 1745 quod
448 1679 742 1728 discurrerent
777 1679 868 1726 huc
902 1679 1030 1736 illuc,
1061 1680 1250 1743 quidam
1273 1692 1327 1728 ut
1347 1683 1627 1745 proriperent
1649 1682 1690 1729 se
1710 1682 1758 1728 in
1779 1680 1960 1745 fugam,
1993 1682 2181 1744 quidam
2219 1696 2273 1730 ut
2355 1701 2357 1703 ¹

282 1747 598 1794 absconderent
634 1744 678 1792 se
714 1747 761 1792 in
799 1746 986 1808 cryptiS,
1020 1746 1210 1808 quidam
1246 1747 1294 1793 in
1333 1747 1455 1794 cellis
1491 1748 1542 1794 &
1574 1745 1720 1796 foveis
1754 1747 1833 1794 ubi
1867 1746 2056 1795 thesauri
2089 1763 2271 1805 eorum,

284 1812 473 1876 quidam
510 1811 615 1858 inde
649 1810 943 1873 exportabant
978 1813 1199 1875 quicquid
1234 1812 1439 1860 manibus
1477 1813 1692 1862 obvenit:
1728 1812 1803 1860 sed
1827 1812 1930 1876 post
1962 1826 2094 1860 terrae
2116 1825 2275 1860 motus

285 1877 436 1940 erupit
454 1876 659 1923 ebullitio
688 1877 745 1922 ab
775 1874 990 1932 inferiori,
1023 1893 1130 1940 quae
1152 1881 1314 1926 evertit
1343 1879 1497 1926 omnia
1522 1894 1629 1942 quae
1661 1881 1708 1926 in
1731 1878 1863 1926 Urbe
1895 1879 1946 1926 δι
1986 1880 2034 1926 in
2073 1879 2271 1926 circum-

278 1941 455 2005 jacente
473 1942 615 1988 ῑηᾶυ
629 1958 644 1989 ;
678 1940 779 2004 post
795 1941 1105 1990 ebullitionem
1128 1945 1253 1991 venit
1274 1944 1517 1992 vehemens
1539 1956 1703 1992 ventus
1725 1944 1783 1991 ab
1803 1946 1990 2000 oriente,
2024 1946 2104 2008 qui
2128 1945 2273 1991 denu-
2373 1953 2377 2000 ἶ

284 2008 432 2062 davit,
464 2007 681 2054 concuffit
701 2007 751 2054 &
773 2007 934 2054 evertit
956 2005 1163 2056 funditus
1196 2011 1352 2058 omnia
1370 2032 1387 2066 3
1421 2011 1469 2058 &
1497 2022 1606 2058 tunc
1641 2026 1801 2058 omnes
1837 2011 1918 2073 qui
1952 2010 2015 2057 ibi
2054 2023 2177 2056 erant
2213 2025 2274 2057 ex
2373 2015 2376 2018 ⁴

283 2074 414 2119 omni
446 2071 550 2118 loco
582 2071 632 2118 δι
666 2087 723 2118 ex
753 2073 882 2119 omni
919 2072 1083 2122 latebra
1115 2074 1266 2122 educti
1305 2074 1423 2132 sunt,
1458 2077 1507 2124 &
1528 2074 1720 2138 conjecti
1743 2078 1789 2122 in
1814 2077 1964 2133 Mare,
1997 2073 2125 2137 cujus
2158 2092 2273 2139 aqua

283 2150 377 2185 erat
398 2137 560 2199 nigra;
594 2136 660 2183 illi
683 2138 763 2199 qui
798 2137 845 2184 in
875 2138 923 2184 id
943 2138 1143 2203 ‚conjeffi
1175 2139 1278 2188 sunt
1306 2154 1431 2189 erant
1459 2141 1516 2188 ad
1550 2142 1699 2205 plures
1731 2141 1965 2203 myriades.
2038 2140 2194 2189 Postea
2214 2157 2272 2187 ex

287 2215 388 2250 toto
420 2203 498 2249 illo
532 2201 678 2249 traetu
716 2201 1007 2252 abscendebat
1038 2204 1212 2263 fumus,
1246 2207 1389 2269 qualis
1409 2206 1511 2271 post
1533 2208 1813 2263 incendium,
1848 2222 1899 2253 ac
1922 2206 2088 2253 ultimo
2110 2205 2271 2253 densus

288 2267 458 2330 pulvis,
489 2268 570 2329 qui
604 2282 683 2329 per
711 2281 899 2315 ventum
934 2271 1192 2318 orientalem
1226 2271 1399 2319 delatus
1436 2272 1500 2319 est
1537 2274 1595 2320 ad
1631 2274 1780 2328 Mare,
1813 2272 1864 2319 &
1898 2271 2276 2335 superinstratu33

287 2333 335 2378 in
369 2332 604 2393 pulverem
641 2332 763 2378 enim
796 2334 919 2380 versa
950 2332 1052 2380 sunt
1088 2335 1347 2382 thesauraria
1383 2353 1561 2392 eorum,
1595 2339 1646 2384 &
1680 2338 1832 2383 omnia
1864 2353 1971 2399 quae
2001 2338 2106 2397 quia
2136 2337 2271 2396 poffi-

288 2395 451 2442 debant
486 2395 697 2439 dixerunt
732 2394 903 2443 sancta:
937 2398 1062 2457 quod
1102 2398 1252 2458 pulvis
1287 2399 1361 2443 ine
1392 2400 1727 2460 superinstratus
1750 2401 1855 2445 efl'et
1879 2401 2018 2452 Mari,
2052 2412 2142 2444 erat
2163 2399 2271 2459 quia

290 2459 388 2506 talis
430 2457 580 2520 pulvis
619 2457 836 2519 fignificat
871 2460 1155 2507 damnatum.
1223 2462 1412 2509 Ultimo
1449 2461 1596 2508 visum
1634 2462 1697 2508 est
1736 2463 1848 2509 ficut
1885 2465 2069 2524 nigrum
2110 2464 2270 2511 volans

289 2525 417 2586 super
439 2535 586 2569 totum
612 2523 804 2570 trastum
827 2523 976 2581 illum,
1010 2527 1138 2588 quod
1175 2525 1422 2590 inspeftum
1463 2527 1699 2589 apparebat
1736 2527 1848 2574 ficut
1879 2528 2050 2581 Draco,
2086 2527 2276 2590 fignum÷

288 2589 415 2651 quod
438 2603 495 2634 ex
518 2600 613 2634 tota
634 2587 706 2634 illa
728 2589 858 2637 Urbe
893 2605 1057 2653 magna
1091 2592 1142 2638 ὅτ,
1178 2607 1235 2638 ex
1268 2605 1368 2639 toto
1401 2591 1480 2639 illo
1502 2593 1689 2648 Tra&u‚
1724 2591 1962 2640 Desertum
1985 2591 2154 2640 factum
2178 2593 2233 2640 fit
2251 2615 2268 2648 ς

214 2702 218 2703 ⁷
289 2654 415 2716 quod
440 2652 486 2698 id
509 2652 656 2700 visum
680 2653 749 2710 fit,
782 2667 877 2702 erat
909 2658 1012 2717 quia
1046 2673 1126 2718 per
1148 2658 1376 2704 Dracones
1411 2658 1716 2720 significantur
1751 2656 1854 2704 falsa
1891 2658 1991 2705 talis
2022 2658 2280 2720 religionis,

290 2720 341 2766 &
363 2733 442 2782 per
465 2717 750 2765 domicilium
783 2736 946 2766 eorum·
976 2721 1250 2784 fignificatur
1269 2723 1508 2770 desertum
1549 2722 1649 2785 post
1680 2722 1972 2778 everfionem,
2006 2735 2061 2770 ut
2079 2725 2232 2783 Jerem
2251 2741 2265 2770 t

292 2799 382 2830 lx:
417 2798 486 2830 11.
539 2783 671 2845 Cap:
694 2799 755 2831 x:
783 2800 859 2833 22.
911 2786 1036 2848 Cap:
1062 2802 1210 2833 xmx:
1244 2804 1323 2850 33.
1376 2788 1592 2835 Malach:
1620 2804 1674 2836 1:
1699 2805 1743 2851 3.
1812 2788 1976 2835 Visum
2007 2789 2156 2836 etiam-
2184 2788 2274 2846 est,

290 2850 417 2911 quod
452 2848 638 2909 quidam
674 2848 879 2896 haberent
911 2850 1023 2898 ficut
1056 2851 1250 2914 lapidem
1290 2853 1504 2900 molarem
1543 2855 1715 2900 circum
1754 2853 1985 2901 brachium
2023 2853 2266 2911 finisti-um,

289 2914 415 2976 quod
450 2925 541 2959 erat
581 2912 992 2975 repraesentativum
1030 2914 1156 2979 quod
1194 2933 1219 2963 e
1241 2917 1396 2965 Verbo
1426 2918 1793 2966 confirmaverint
1824 2919 2025 2967 nefanda:
2041 2918 2128 2966 sua.
2148 2920 2267 2981 dog.-

292 2993 427 3034 mata‚
460 2978 572 3040 lapis
613 2978 793 3025 molaris
832 2980 1054 3042 fignificat
1092 2982 1193 3029 talia
1212 3003 1228 3036 ·,
1262 2983 1365 3029 inde
1386 2985 1530 3046 patuit
1553 2984 1665 3046 quid
1697 2984 2146 3048 imApocalypsrper
2167 2985 2267 3032 haec

292 3043 585 3109 fiffliificatut,
618 3050 651 3098 ‘.‘
671 3045 854 3109 Angelus
867 3045 1036 3110 sustulit
1058 3046 1235 3110 lapidem
1259 3047 1391 3110 itfiar
1413 3048 1529 3099 mol-e
1548 3065 1731 3114 magnae„
1760 3050 1816 3100 &³
1832 3053 2012 3116 preficit
2047 3054 2263 3164 invdmare,

290 3159 299 3164 ,
348 3157 356 3161 ,
1610 3129 1616 3134 ·
2137 3129 2279 3170 icens,
