2632 3516
472 268 1309 392 „··nn·MUN'Do
1385 275 2184 391 51³1R1TUVAL1.
2314 317 2388 368 27

493 443 497 446 .
682 475 816 586 De
850 469 1284 577 Moravianis
1317 468 1396 551 in
1430 443 1737 547 Mundo
1760 461 2114 571 spirituali.

418 691 494 742 86.
626 703 704 737 um
731 683 1015 737 Moravianis
1035 721 1049 744 ‚
1082 684 1158 748 qui
1192 683 1329 732 etiam
1360 681 1690 732 Heerenhuteri
1724 691 1941 731 vocantur
1960 715 1976 737 ,
2010 680 2150 730 multa
2178 682 2393 746 ‘loquutus

421 792 423 794 -
514 698 624 810 C
657 753 751 802 sum
771 770 783 802 ε
809 763 1104 814 apparuerunt
1126 748 1319 813 primum
1331 747 1385 796 -in
1410 745 1525 795 valle
1543 759 1632 793 non
1656 747 1811 807 procul
1830 759 1860 793 a
1877 745 2064 806 Judaeis;
2089 744 2138 792 ἃ
2159 746 2392 811 postquam

414 817 631 879 explorati
650 816 700 866 ἀ
722 815 886 865 detecti
912 815 1036 873 sunt,
1070 815 1115 862 in
1137 815 1235 863 loca
1258 811 1505 862 inhabitata
1537 809 1669 858 delati
1698 809 1807 858 sunt.
1876 810 2001 857 Dum
2025 810 2393 875 explorabantur,

413 882 634 932 sciverunt
665 882 822 931 callide
851 893 1033 942 captare
1060 879 1256 936 animos,
1291 877 1491 925 dicentes
1521 874 1638 938 quod
1669 876 1866 938 reliquiae
1887 871 2161 935 Apostolicae
2184 878 2394 928 Ecclefiae

414 945 583 1005 essent,
617 949 666 994 ὄι
693 946 814 1010 quod
840 945 946 993 ideo
975 943 1160 993 salutent
1185 942 1230 990 se
1262 940 1448 996 fratres,
1484 955 1537 988 ac
1566 951 1729 987 matres
1756 940 1848 988 illas
1871 953 1971 1002 quae
1995 939 2203 990 interiora
2222 943 2395 993 inomn-

414 1024 573 1059 arcana
596 1011 839 1074 recipiunt3
871 1022 964 1057 tum
986 1007 1105 1071 quod
1127 1022 1217 1069 prae
1234 1006 1403 1055 caeteris
1424 1005 1616 1053 doceant
1644 1002 1780 1052 fidem
1794 1040 1808 1061 ‚
1841 1002 1890 1051 ἃ
1912 1006 2029 1066 quod
2055 1019 2205 1055 ament
2226 1010 2390 1058 Domi·

411 1090 518 1123 num
540 1077 640 1137 quia
660 1074 802 1138 pass'us
819 1072 883 1121 est
907 1087 1112 1128 crucem,
1137 1071 1346 1120 vocando
1368 1070 1487 1118 illum
1508 1070 1690 1132 Agnum
1705 1105 1718 1124 ,
1753 1067 1803 1117 ἃ
1826 1070 1994 1116 Solium
2018 1073 2199 1132 gratiae3
2230 1088 2396 1135 praeter

411 1138 566 1187 fimilia
587 1140 671 1187 alia
687 1175 701 1196 ,
734 1148 815 1201 per
835 1152 933 1200 quae
958 1136 1171 1184 inducunt
1201 1135 1338 1183 fidem
1355 1170 1368 1192 ‚
1403 1135 1523 1198 quod
1554 1133 1647 1197 ipsa
1673 1132 1869 1182 Ecclesia
1889 1132 2133 1183 Christiana
2153 1139 2271 1199 apud
2300 1140 2398 1189 illos

410 1201 490 1252 fit:
524 1203 680 1267 iniqui
710 1219 736 1251 a
760 1201 1065 1262 blandiloquiis
1100 1200 1273 1248 illorum
1303 1199 1470 1262 captati
1502 1199 1748 1258 accedunt,
1782 1200 2065 1260 explorantur
2094 1203 2151 1250 ab
2170 1202 2255 1251 illis
2287 1219 2395 1252 num

412 1269 522 1315 tales
540 1266 647 1322 lint,
679 1279 727 1313 ut
746 1267 824 1316 illis
847 1280 1007 1314 arcana
1027 1264 1100 1312 sua
1127 1264 1341 1327 detegere
1362 1263 1526 1322 ausint,
1561 1262 1593 1311 fi
1617 1278 1706 1311 non
1727 1299 1742 1321 ‚
1778 1265 1924 1311 celant
1944 1263 2016 1311 illa
2032 1301 2046 1321 ,
2079 1264 2128 1313 δι
2152 1265 2183 1313 fi
2208 1267 2392 1329 poffint,

415 1333 643 1391 revelant3
675 1330 724 1380 ἃ
753 1343 862 1380 tunc
891 1340 1097 1381 monent,
1133 1326 1184 1378 δι
1205 1343 1380 1394 quoque
1410 1331 1631 1378 minantur
1651 1328 1758 1387 illis,
1794 1328 1869 1392 qui
1898 1343 2110 1377 arcanum
2141 1330 2313 1381 illorum
2333 1333 2394 1385 de

414 1396 617 1444 Domino
649 1398 870 1458 evulgant.

482 1465 557 1521 87.
595 1460 823 1525 Quoniam
855 1456 1053 1507 fimiliter
1079 1458 1283 1510 fecerunt
1309 1457 1569 1510 in-Mundo
1599 1457 1836 1522 spirituali,
1870 1455 1922 1506 ἀ
1954 1469 2102 1506 tamen
2133 1473 2396 1525 perceptum

414 1522 513 1582 est,
547 1525 665 1588 quod
698 1525 878 1573 interius
904 1524 1087 1572 non-ita
1112 1526 1390 1588 cogitarent3
1423 1536 1469 1572 ut
1502 1523 1592 1572 hoc
1620 1524 1928 1586 detegeretur,
1963 1523 2190 1572 intromiffi
2223 1525 2318 1574 sunt
2345 1529 2392 1577 in

414 1589 584 1635 Caelum
615 1590 840 1646 ultimum,
876 1587 950 1636 sed
980 1602 1070 1636 non
1098 1588 1386 1638 sustinuerunt
1412 1588 1626 1650 sphaeram
1648 1587 1872 1649 charitatis
1897 1585 1945 1635 ἃ
1966 1587 2070 1635 inde
2089 1588 2197 1636 fidei
2216 1594 2394 1654 angelo·

414 1668 510 1699 rum
544 1653 633 1711 ibi,
667 1652 716 1701 ἃ
741 1653 1019 1716 aufugerunt.
1070 1652 1228 1702 Postea
1259 1655 1361 1718 quia
1381 1653 1662 1702 crediderunt
1682 1651 1939 1709 inmundo,
1973 1652 2091 1715 quod
2122 1653 2179 1702 illi
2199 1653 2276 1704 soli
2297 1657 2394 1707 vivi

414 1715 575 1775 effent,
610 1716 659 1764 ἀ
694 1717 739 1764 in
770 1718 935 1764 Caelum
963 1716 1141 1765 tertium
1174 1719 1373 1776 venturi,
1409 1718 1544 1765 etiam
1572 1717 1617 1765 in
1648 1717 1754 1766 illud
1787 1717 1944 1765 caelum
1976 1718 2130 1766 sublati
2163 1718 2287 1778 sunt,
2319 1716 2394 1771 sed

414 1795 519 1829 cum
537 1794 827 1844 perceperunt
846 1781 1060 1844 sphaeram
1082 1782 1245 1830 amoris
1262 1783 1308 1830 in
1327 1783 1573 1830 Dominum
1595 1782 1686 1838 ibi,
1705 1781 2012 1844 correptisunt
2033 1798 2199 1845 angore
2221 1785 2366 1834 cordis
2378 1822 2392 1845 ,

414 1860 471 1892 ac
492 1846 747 1907 inceperunt
776 1846 954 1894 interius
984 1845 1195 1904 cruciari,
1234 1843 1285 1894 ἃ
1304 1844 1584 1894 convulfivos
1613 1858 1762 1893 motus
1783 1860 1917 1908 agere
1934 1845 2043 1894 ficut
2063 1848 2135 1909 qui
2156 1847 2201 1896 in
2221 1863 2397 1912 angone

414 1911 571 1958 mortis
589 1909 711 1966 sunt,
745 1924 880 1972 quare
903 1908 950 1958 se
965 1908 1342 1973 indepraecipites
1362 1908 1635 1972 dejecerunt.
1704 1911 1789 1957 Per
1807 1910 1905 1958 hae:
1926 1911 2119 1972 primum
2138 1913 2394 1964 manifesta·

415 1985 510 2020 tum
548 1971 639 2031 est,
675 1974 795 2035 quod
828 1974 936 2023 nihil
964 1973 1192 2023 charitatis
1220 1988 1327 2033 erga
1363 1974 1646 2032 proximum,
1682 1971 1733 2018 ἃ
1762 1974 1867 2018 nihil
1892 1976 2054 2020 amoris
2076 1977 2120 2022 in
2143 1978 2392 2030 Dominum

415 2037 530 2086 intus
562 2037 782 2086 foverent.
849 2037 1031 2086 Deinde
1059 2031 1172 2082 miffi
1200 2033 1296 2083 sunt
1317 2034 1374 2082 ad
1394 2034 1516 2090 illos,
1547 2033 1703 2094 quibus
1723 2049 1879 2082 munus
1903 2039 2159 2097 explorandi
2185 2042 2393 2094 interiora

417 2102 739 2163 cogitationum
772 2101 1014 2162 injunGturn
1050 2097 1115 2146 est
1126 2115 1141 2156 3
1176 2097 1225 2146 δι
1257 2097 1419 2145 abillis
1454 2095 1621 2143 dietum
1658 2094 1748 2154 est,
1782 2099 1901 2160 quod
1928 2101 2175 2150 Dominum
2208 2107 2391 2168 vilipen-

417 2166 524 2212 dant
538 2200 551 2220 ,
587 2164 811 2212 charitatis
832 2163 972 2211 vitam
993 2163 1056 2209 ita
1079 2162 1282 2222 rejiciant
1303 2172 1351 2206 ut
1381 2160 1500 2206 illum
1522 2159 1813 2214 abhorreant.
1850 2161 1900 2208 ἃ
1922 2165 2042 2225 quod
2068 2166 2273 2215 Verbum
2296 2172 2391 2219 Ve-

419 2228 524 2275 teris
544 2225 825 2275 Testamenti
854 2226 1006 2273 inutile
1032 2223 1225 2282 faciant,
1259 2238 1313 2272 ac
1334 2222 1541 2271 Verbum
1572 2223 1953 2286 Evangelistarum
1976 2241 2289 2291 contemnant,
2323 2235 2389 2282 so·

416 2293 505 2339 lum
540 2305 595 2338 ex
631 2290 917 2352 beneplacito
945 2305 1002 2336 ex
1037 2289 1174 2336 Paulo
1202 2287 1429 2336 desumant
1463 2288 1537 2336 ubi
1572 2287 1734 2351 aliquid
1769 2291 1827 2336 de
1864 2290 1953 2339 sola
1988 2292 2078 2340 fide
2119 2295 2304 2357 dicitur3
2339 2298 2390 2348 ἀ

418 2355 537 2418 quod
560 2355 655 2402 haec
675 2353 755 2401 fint
778 2369 938 2402 arcana
957 2355 1131 2401 illorum
1151 2368 1247 2414 quae
1267 2368 1348 2412 pro
1366 2351 1533 2398 mundo
1555 2354 1713 2400 celant.

488 2425 563 2471 88.
601 2417 837 2481 Postquam
868 2415 1198 2465 manifestatum
1229 2415 1323 2475 est,
1357 2416 1476 2479 quod
1501 2418 1747 2464 Dominum
1782 2417 1889 2466 ficut
1916 2419 2092 2468 Arriani
2115 2425 2390 2488 agnoscant,

418 2483 537 2547 quod
559 2484 762 2531 Verbum
783 2483 1100 2543 Prophetarum
1133 2480 1182 2530 ἃ
1205 2477 1586 2545 Evangelistarum
1617 2494 1927 2538 contemnant,
1962 2483 2010 2531 ἃ
2032 2487 2149 2547 quod
2170 2491 2395 2541 charitatis

419 2549 558 2596 vitam
592 2549 698 2595 odio
730 2547 950 2604 habeant,
984 2561 1086 2594 cum
1119 2557 1269 2594 tamen
1298 2547 1423 2608 super
1458 2546 1592 2593 tribus
1616 2547 1695 2594 illis
1726 2560 1771 2594 ut
1791 2550 2005 2597 columnis
2026 2551 2275 2601 universum
2294 2557 2392 2604 Cae-

419 2613 511 2660 lum
541 2611 705 2675 pendet
725 2648 738 2669 ‚
775 2624 880 2659 tunc
914 2611 972 2658 illi
1006 2611 1078 2672 qui
1108 2610 1154 2657 in
1187 2611 1445 2672 cognitione
1479 2608 1528 2657 ἃ
1560 2609 1680 2658 srmul
1713 2613 1758 2660 in
1795 2612 1885 2660 fide
1922 2615 2091 2662 illorum
2125 2631 2388 2669 arcanorum

420 2676 632 2734 fuerunt3
673 2675 859 2739 judicati
893 2674 985 2722 sunt
1014 2687 1061 2721 ut
1089 2672 1385 2723 Anti-Christi
1408 2713 1420 2731 ‚
1456 2674 1530 2736 qui
1559 2675 1766 2736 rejiciunt
1800 2678 1884 2725 tria
1913 2677 2148 2728 essentialia
2179 2683 2391 2734 Ecclefiae

420 2739 699 2796 Christianae,
722 2755 881 2800 nempe
893 2740 1107 2787 Divinum
1128 2740 1345 2797 Domini,
1365 2740 1570 2787 Verbum
1594 2739 1642 2787 ἃ
1659 2741 1933 2790 Charitatem
1948 2776 1961 2799 ,
1985 2743 2032 2792 ἃ
2054 2746 2247 2809 conjeffl
2264 2762 2389 2798 extra

417 2803 711 2916 Christiagiukm
733 2805 904 2852 Orbem
930 2806 975 2852 in
1008 2803 1226 2851 desertum
1241 2840 1254 2862 ,
1292 2803 1411 2868 quod
1444 2805 1489 2852 in
1511 2803 1599 2851 fine
1619 2805 1764 2868 Plagae
1781 2807 2076 2858 meridionalis
2097 2825 2239 2873 prope
2265 2813 2390 2880 Qua-

449 2885 574 2918 ueros
673 2904 683 2913 .
1948 2892 1960 2901 ·

416 2885 445 2933 q
489 2939 563 2992 99.
599 2932 766 2981 Audivi
799 2930 1183 2988 Zinzendorfiurn‚
1216 2948 1317 2981 cum
1350 2933 1394 2981 in
1417 2933 1644 2981 Mundum
1672 2933 1939 2995 spiritualem
1971 2952 2124 2985 recens
2153 2942 2253 3003 post
2272 2957 2389 2992 mor.

421 3009 514 3045 tem
536 2997 683 3054 venit,
716 2996 764 3044 δι
787 2996 991 3045 admissus
1023 2995 1086 3044 est
1119 2998 1235 3059 loqui
1265 2997 1373 3047 ficut
1404 2999 1519 3061 prius
1547 3000 1591 3047 in
1612 2999 1805 3059 mundo,
1837 3001 2159 3052 contestantem
2182 3008 2299 3072 quod
2320 3009 2391 3057 ille

421 3062 526 3110 sciat
555 3076 714 3110 arcana
742 3063 861 3117 caefi,
898 3060 947 3110 ἃ
971 3061 1090 3125 quod
1117 3077 1253 3109 nemo
1279 3064 1323 3111 in
1348 3065 1504 3111 caelum
1525 3064 1675 3111 veniat
1705 3063 1781 3112 nifi
1804 3067 1951 3128 quiex
1976 3067 2175 3118 duffiina
2196 3073 2287 3136 ejus
2311 3071 2390 3131 fit3

423 3139 519 3174 tum
549 3125 667 3188 quod
700 3125 871 3186 prorsus
901 3126 1095 3175 damnati
1125 3125 1205 3174 fint
1229 3127 1302 3190 qui
1333 3129 1448 3176 bona
1478 3128 1645 3176 faciunt
1675 3129 1817 3180 salutis
1849 3130 1998 3188 causa,
2033 3131 2083 3180 ἀ
2104 3137 2220 3196 quod
2244 3138 2390 3198 potius

422 3190 628 3241 admittat
646 3190 799 3241 atheos
817 3190 862 3240 in
883 3189 1004 3241 suam
1023 3191 1413 3256 congregationem
1440 3208 1571 3257 quam
1589 3194 1697 3243 illos.
1733 3194 1869 3262 Quod
1890 3196 2109 3247 Dominus
2127 3198 2179 3248 fit
2202 3201 2390 3264 adopta-

1500 3258 1611 3307 D2
2317 3277 2388 3318 ,Β
