2502 3432
578 187 716 252 ET
761 175 1359 253 BABYLONIA
1407 183 2099 248 DESTRUCTA.
2250 203 2337 268 37

504 320 508 322 Π
562 372 687 449 De
723 361 1146 472 Babylonia,
1206 365 1291 443 &
1326 364 1482 464 ejus
1517 364 2062 446 nesti-afflone.

337 592 414 640 53.
589 570 752 620 UOD
786 566 959 623 omnia,
1009 582 1118 630 quae
1155 568 1202 615 in
1236 566 1518 633 Apocalypsi
1556 564 1772 631 p‘raedieta
1805 565 1923 623 sunt,
1971 566 2105 616 hodie
2144 570 2340 634 impleta.

442 571 605 742 Q
623 637 725 691 lint,
759 634 964 682 videatur
987 631 1116 696 supra
1138 651 1199 683 n:
1225 652 1289 694 40
1312 634 1380 682 ad‘
1393 651 1460 695 44
1483 656 1500 690 ·,
1535 646 1637 681 tum
1670 632 1797 697 quod
1820 633 2059 680 Ultimum
2082 635 2322 695 Judicium

619 700 835 766 jamdum
874 699 1107 763 peran
1145 701 1215 757 fit,
1251 700 1533 748 in‘Articulo
1554 700 1855 764 praecedente,
1890 698 1972 746 ubi
2007 700 2143 747 etiam
2182 701 2329 748 osten·-

325 773 426 820 sum
463 767 542 825 est,
577 767 815 832 quomodo
850 765 1088 827 Judicium
1120 764 1292 829 fastum
1329 766 1394 814 est
1433 766 1564 831 super
1602 764 1971 813 Mahumedanos
2006 765 2058 812 ὅτ.
2089 765 2329 822 Gentiles·,

323 839 398 886 hic
421 850 540 883 nunc
562 834 776 899 sequitur,
808 831 1047 896 quomodo
1068 830 1240 880 fac'tum
1262 832 1325 880 est
1344 831 1474 896 super
1498 832 1782 888 Pontificios,
1816 831 1897 894 qui
1936 830 2038 879 sunt
2071 832 2153 895 qui
2192 833 2324 879 intel-

322 905 529 966 liguntur
564 917 643 964 per
676 898 989 963 Babyloniam,
1024 897 1082 945 de
1117 915 1207 962 qua
1242 899 1290 946 in
1322 898 1609 963 Apocalypsi
1645 897 1802 945 multis
1839 897 2005 961 agitur,
2040 897 2091 945 &
2131 898 2189 946 de
2227 897 2324 962 ejus

322 968 621 1017 destructione
659 967 707 1014 in
744 964 890 1031 specie
919 965 966 1012 in
989 963 1153 1029 Capite
1178 980 1342 1023 xvm,
1367 981 1475 1028 quae
1501 967 1566 1013 ita
1598 963 1879 1020 describitur,
1915 968 1950 990 ‘⁶
1973 963 2159 1026 Angelus
2183 965 2323 1013 excla-

320 1037 462 1082 mavit
494 1034 755 1081 vehementer
792 1048 893 1080 voce
929 1046 1102 1093 magna,
1136 1030 1301 1089 cecidit,
1335 1031 1483 1080 cecidit
1505 1030 1712 1093 Babylon,
1746 1029 1798 1082 ΕΞ
1815 1028 1948 1092 sabla
1981 1029 2035 1088 est
2070 1029 2328 1079 domicilium⁴

318 1099 628 1154 daemoniorum,
662 1099 720 1148 &
741 1098 923 1159 custodia
945 1099 1075 1144 omnis
1083 1098 1270 1160 spiritus
1291 1099 1475 1161 impuri,
1501 1099 1558 1147 ξεῖ
1592 1095 1774 1157 custodia
1810 1097 1941 1144 omnis
1972 1098 2071 1143 avis
2101 1098 2323 1146 immunde

248 1217 257 1220 ,
321 1166 496 1229 exosae,’'
530 1163 653 1212 Vers
662 1183 675 1213 ι
704 1181 747 1212 2.
818 1163 910 1211 Sed
944 1174 1183 1226 antequam
1220 1177 1435 1222 narratur,
1470 1163 1711 1228 quomodo
1731 1161 1806 1210 illa
1825 1161 2070 1211 destructio
2100 1162 2216 1212 facta
2236 1163 2323 1220 est,

320 1232 672 1293 praemittentur,
727 1232 765 1277 Ι.
806 1228 940 1292 Quid
998 1229 1264 1293 intelligitur
1317 1247 1399 1295 per
1436 1230 1751 1294 Babyloniam,
1806 1228 1859 1277 δι’
1904 1228 2051 1293 qualis
2095 1230 2183 1280 illa.
2252 1229 2317 1277 11.

321 1295 491 1359 Qales
529 1295 630 1342 sunt
664 1298 710 1342 in
749 1296 888 1343 altera
926 1296 1021 1342 vita
1058 1295 1122 1343 illi
1159 1298 1241 1359 qui
1278 1313 1339 1344 ex
1374 1297 1622 1360 Babylonia
1653 1295 1788 1352 sunt;
1825 1295 1906 1343 ΙΙΙ.
1931 1295 2140 1343 Ubinam
2168 1295 2315 1344 Habi-

320 1367 505 1410 tationes
542 1376 700 1408 eorum
739 1360 949 1408 hactenus
991 1357 1187 1407 fuerunt.
1255 1362 1341 1408 IV.
1377 1367 1473 1409 Cur
1507 1361 1646 1424 usque
1686 1362 1744 1408 ad
1782 1361 1904 1409 diem
1945 1361 2119 1409 Ultimi
2142 1362 2314 1421 Judicii

237 1435 241 1439 ’
318 1427 380 1474 ibi
419 1427 592 1474 tolerati
631 1425 746 1473 sunt.
814 1426 875 1471 V.
912 1425 1174 1490 Qomodo
1203 1424 1432 1483 destructi,
1467 1428 1517 1473 δι
1541 1426 1859 1474 Habitationes
1892 1442 2051 1474 eorum
2074 1426 2321 1474 Desertum.

318 1492 449 1540 faetae
482 1491 595 1539 sunt.
664 1491 747 1538 VI.
783 1490 930 1549 Quod
963 1488 1207 1538 conservati
1243 1490 1344 1548 fint,
1378 1492 1459 1554 qui
1478 1507 1534 1538 ex
1557 1491 1642 1538 illis
1666 1492 1711 1537 in
1736 1490 1970 1538 affectione
1995 1493 2088 1539 veri
2108 1507 2164 1539 ex
2190 1492 2323 1541 bono..

318 1558 517 1606 fuerunt.
584 1556 699 1604 Vn..
727 1557 801 1602 De
825 1556 939 1604 statu
961 1571 1120 1602 eorum
1141 1555 1342 1618 posthac,
1367 1558 1448 1619 qui
1472 1557 1577 1604 inde
1597 1573 1623 1604 e
1645 1557 1772 1603 terris
1795 1557 1997 1603 veniunt.

381 1639 459 1684 54.
481 1622 604 1682 Quid
614 1620 871 1681 intelligitur
882 1631 966 1679 per
974 1620 1250 1679 Babyloniam
1265 1620 1323 1668 &
1340 1621 1476 1684 qualis
1492 1622 1584 1668 illa.
1622 1622 1710 1668 Per
1726 1619 2022 1682 Babyloniam
2046 1622 2316 1685 intelligun-

315 1699 391 1736 tur
411 1702 586 1742 omnes,
620 1686 700 1748 qui
722 1701 804 1748 per
824 1683 1086 1747 religiosum
1109 1683 1335 1732 dominari
1357 1685 1553 1741 volunt;
1588 1701 1668 1749 per
1689 1684 1948 1748 religiosum
1971 1686 2214 1745 dominari,
2249 1689 2314 1736 est

313 1751 445 1817 super
478 1754 645 1799 animas
685 1750 946 1808 hominum,
981 1750 1042 1798 ita
1078 1750 1210 1813 super
1245 1749 1384 1814 ipsam
1423 1753 1563 1799 vitam
1601 1750 1874 1815 spiritualem
1910 1751 2113 1810 illorum,
2149 1770 2200 1801 ac
2224 1771 2309 1818 pro

314 1820 476 1867 mediis
497 1819 565 1865 uti
586 1817 768 1865 Divinis
790 1833 897 1880 quae
920 1819 964 1864 in
989 1816 1253 1878 Religioso:
1287 1833 1447 1865 omnes
1472 1817 1554 1874 illi,
1595 1818 1675 1882 qui
1710 1834 1797 1882 pro
1830 1818 1921 1866 fine
1956 1818 2119 1867 habent
2142 1820 2310 1868 Domi'·

311 1887 461 1942 nium,
495 1886 543 1931 δε
580 1899 673 1947 pro.
702 1883 862 1931 mediis
897 1882 1206 1945 Religionem,
1243 1884 1290 1930 in
1328 1900 1489 1948 genere
1526 1883 1628 1932 sunt
1657 1884 1918 1946 Babylonia.
1989 1885 2135 1944 Quod
2159 1887 2306 1949 Baby-

281 1950 434 2002 „lonia
469 1950 701 2004 dicantur,
726 1947 791 1996 est
823 1949 929 2012 quia
961 1950 1157 2012 antiquis
1195 1951 1475 2014 temporibus
1515 1950 1602 1998 tale
1634 1951 1894 1998 dominium
1930 1950 2194 2000 inchoatum
2225 1953 2305 2011 est,

311 2015 385 2067 sed
407 2018 454 2063 in
477 2015 699 2079 principio
720 2012 816 2078 ejus
838 2014 1117 2064 destruestum
1137 2036 1152 2070 3
1189 2015 1415 2064 inchoatio
1438 2014 1531 2081 ejus
1555 2015 1820 2064 describitur
1841 2032 1922 2080 per
1945 2017 2126 2065 Urbem
2151 2020 2200 2066 &
2226 2036 2306 2082 per

303 2083 519 2138 Turrim,
554 2079 685 2145 cujus
707 2093 843 2144 caput
865 2082 967 2129 esset
988 2083 1035 2128 in
1057 2081 1209 2137 coelo3
1251 2082 1299 2130 δε
1323 2081 1417 2146 ejus
1446 2081 1687 2131 destructio
1721 2100 1799 2147 per
1832 2081 2140 2131 confufionem
2166 2086 2307 2132 labio·

312 2164 432 2204 mm,
468 2148 589 2194 unde
627 2163 794 2194 nomen
832 2145 928 2211 ejus
967 2149 1156 2203 Banu,
1194 2148 1374 2198 Genes:
1401 2165 1486 2196 xi:
1523 2166 1540 2196 1
1570 2149 1625 2196 ad
1653 2167 1719 2212 9·‚
1754 2149 1865 2212 quid
1906 2166 1986 2213 per
2025 2150 2199 2213 singula
2236 2152 2316 2198 illa.

312 2213 575 2276 intelligitur
627 2215 673 2259 in
718 2212 857 2260 sensu*
886 2214 1064 2262 interno
1103 2215 1186 2262 seu.
1225 2213 1446 2277 spirituali
1474 2214 1631 2270 Verbi,
1685 2215 1890 2262 videatur
1932 2216 2211 2279 explicatum
2259 2219 2305 2264 in

307 2281 549 2327 ARcAms
582 2279 930 2335 CoeLEsTmuS‚
967 2297 1034 2327 n:
1068 2286 1191 2342 1283
1225 2281 1282 2328 ad
1314 2285 1452 2342 1328.
1524 2281 1670 2342 Qod
1716 2282 1869 2339 etiam*
1900 2281 1988 2328 tale
2028 2284 2303 2330 Dominium

307 2357 507 2406 caeptum
542 2345 590 2390 δι
626 2343 877 2401 institutum
911 2344 964 2390 fit
996 2346 1042 2389 in
1066 2345 1246 2400 Babele,
1282 2346 1453 2392 constat
1485 2347 1606 2407 apud
1632 2347 1885 2402 Danielem,
1923 2347 2000 2392 ubi
2041 2348 2208 2394 dicitur
2245 2349 2303 2394 de

311 2408 736 2461 Nebuchadnezare,
776 2408 901 2468 quod
941 2409 1128 2454 erexerit
1168 2409 1439 2470 Imaginem,
1486 2425 1622 2469 quam
1664 2425 1824 2455 omnes
1862 2411 2115 2466 adorarent,
2164 2413 2262 2475 Cap
2285 2430 2309 2459 ε.

310 2489 405 2520 111:
439 2491 456 2521 1
484 2473 540 2520 ad
561 2472 653 2520 fin:
689 2472 752 2518 Et
774 2487 957 2535 quoque
995 2471 1260 2536 intelligitur
1298 2488 1377 2534 per
1417 2474 1542 2535 quod
1571 2472 1859 2519 Belschazzar
1892 2490 2001 2521 cum
2034 2478 2300 2537 proceribus

307 2539 468 2585 biberit
511 2554 567 2584 ex
601 2537 711 2584 valis
755 2539 894 2585 aureis
944 2539 993 2586 δε
1038 2538 1276 2601 argenteis,
1312 2554 1418 2601 quae
1456 2538 1846 2586 Nebuchadnezar
1883 2553 2199 2603 exportaverat
2242 2560 2301 2592 ex

304 2605 507 2667 Templo
550 2603 900 2665 Hierosolymae‚
945 2605 995 2652 δε
1031 2604 1164 2652 simul
1212 2617 1320 2652 tunc
1366 2604 1555 2651 coluerit
1594 2603 1702 2651 deos
1747 2606 1858 2662 auri,
1906 2607 2098 2669 argenti,
2148 2611 2298 2673 cupri,

303 2671 440 2726 ferri3
490 2685 625 2732 quare
660 2669 886 2732 scriptum.
920 2670 983 2716 est
1028 2671 1073 2716 in
1119 2671 1301 2733 pariete,
1337 2673 1597 2724 numeravit,
1631 2671 1847 2731 appendit,
1893 2672 2058 2730 divistt,
2107 2674 2156 2722 &
2202 2676 2298 2738 ipse

304 2740 409 2785 Rex
444 2735 598 2782 eadem
636 2735 767 2781 nocte
802 2736 1057 2782 interfectus
1081 2737 1160 2791 est,
1200 2736 1328 2799 Cap:
1357 2753 1421 2783 v:
1454 2753 1470 2782 1
1500 2736 1556 2783 ad
1580 2735 1674 2783 fin:
1712 2752 1793 2798 per
1815 2735 1913 2784 vasa
1936 2739 2032 2785 auri
2052 2740 2102 2788 &
2124 2742 2309 2805 argenti}

302 2802 490 2863 Templi
520 2800 851 2862 Hierosolymae
873 2801 1180 2862 significantur
1204 2801 1417 2848 Ecclesiae
1448 2802 1565 2849 bona
1585 2802 1633 2848 &
1658 2818 1761 2849 vera
1779 2824 1802 2859 3v
1830 2819 1909 2867 per
1931 2803 2081 2851 bibere
2103 2821 2161 2852 ex
2187 2806 2291 2866 illis,

298 2870 348 2917 ὅτ.
374 2867 504 2914 simul
537 2866 680 2913 colere
718 2867 827 2924 deos
862 2867 973 2922 auri,
1011 2868 1200 2930 argenti,
1236 2869 1382 2929 cupri,
1420 2866 1542 2924 ferri,
1577 2867 1853 2931 significatur
1874 2870 2206 2933 prophanati03
2240 2890 2292 2921 ac

299 2951 378 2997 per
417 2932 678 2994 scripturam
721 2932 852 2994 super
890 2932 1070 2994 pariete,
1109 2935 1156 2979 ὅτ
1195 2949 1273 2995 per
1316 2947 1510 2980 mortem
1549 2934 1682 2996 regis,
1719 2934 1993 2997 significatur
2014 2937 2291 2987 visitatio&

299 2999 558 3053 destructiO,
593 2999 869 3045 denuntiatae
905 2998 989 3044 illis
1028 2998 1107 3061 qui
1146 2998 1208 3044 ufi
1246 2997 1348 3046 sunt
1371 3000 1553 3046 Divinis
1590 3001 1716 3046 bonis
1749 3003 1802 3049 &ss
1832 3003 1956 3049 veris-
1984 3019 2071 3067 pro
2110 3006 2287 3055 mediiS.

298 3065 467 3123 Quales
501 3064 564 3110 illi
601 3063 718 3119 sunt,
754 3064 833 3126 qui
858 3063 1102 3125 Babylonia
1136 3064 1366 3122 dicuntur,
1403 3065 1663 3112 describitur
1685 3067 1818 3114 etiam
1843 3064 2146 3132 paffim'apud
2174 3072 2299 3118 Pro*

197 3170 203 3174 .
297 3130 468 3195 phetas,
502 3142 554 3177 ut
591 3129 710 3196 apud
746 3129 939 3186 Esaiam,
977 3134 1012 3157 ‘⁶
1034 3129 1239 3192 Proferas
1271 3130 1524 3194 parabolam
1562 3132 1670 3182 hanc
1710 3131 1760 3182 de
1779 3135 1895 3197 Rege
1916 3135 2284 3192 BARYL0N1AE3

2145 3201 2295 3264 fragia
