2632 3516
626 263 789 355 'DE
861 281 1307 346 MUNDo
1377 277 2183 346 emnia-olim.
2321 300 2390 338 22

403 414 554 470 miuo3
584 401 786 461 fiere'nim
815 425 904 460 non
925 410 1050 461 Solus
1082 408 1230 473 potest
1252 409 1339 458 coli
1351 425 1367 466 ;
1400 408 1450 458 δι
1472 408 1503 456 fi
1523 407 1746 457 Dominus
1766 422 1858 456 non
1879 408 2007 457 Solus
2025 406 2223 466 colitur,
2244 406 2299 456 fit
2321 406 2387 459 di.-

402 477 694 534 scriminati0‚
729 491 833 539 qnae
853 476 963 524 tollit
981 475 1371 531 communionem,
1405 473 1455 522 ἃ
1474 471 1688 521 fluentem
1707 487 1765 521 ex
1789 473 1864 522 illa
1886 473 2148 522 felicitatem
2170 472 2291 522 vitae.

469 545 543 602 65.
581 543 649 590 Ut
673 540 842 590 scirem·
862 541 1010 604 quales
1029 539 1178 588 Sanffi
1197 537 1560 588 Ponffificiorum
1592 537 1716 594 sunt,
1751 550 1934 601 propter
1962 538 2140 586 causam
2159 550 2209 586 ut
2228 549 2385 587 notum

399 605 629 664 facerem,
663 605 815 654 eduffi
844 604 941 653 sunt
959 619 1016 652 ex
1035 604 1247 652 inferiore
1271 615 1388 657 terra
1411 603 1545 667 usque
1559 603 1617 650 ad
1638 615 1845 660 eentum,
1865 602 1940 664 qui
1959 614 2178 653 noverunt
2208 602 2266 651 de
2288 602 2384 652 san-

404 669 676 719 &ificatione
710 671 816 728 sua,
844 667 1131 718 ascenderunt
1160 683 1192 717 a
1219 681 1372 731 tergo,
1405 665 1546 715 modo
1573 666 1711 728 aliqui>
1737 678 1843 714 ante
1867 667 2059 725 faciem,
2093 667 2143 716 ἃ
2164 683 2268 716 cum
2293 682 2384 716 uno
2417 693 2425 700 ·

403 751 460 783 ex
482 737 776 799 hisssloquutus
799 734 893 782 sum
909 771 923 791 ‚
955 748 1088 796 quem
1110 734 1316 782 dixerunt
1337 730 1465 780 fuisse
1485 731 1757 788 Xa-verium3
1790 731 1867 780 hic
1893 731 2001 780 dum
2032 747 2212 780 mecum
2233 734 2382 795 loque-

398 802 557 858 batur,
592 812 685 848 erat
714 799 890 862 prorsus
917 798 1065 846 fatuus
1083 834 1096 854 ,
1134 813 1310 846 narrare
1340 808 1489 844 tamen
1517 796 1688 857 potuit,
1721 796 1840 859 quod
1872 796 1918 845 in
1948 797 2058 855 1090
2074 796 2178 854 suo,
2211 798 2287 846 ubi
2315 796 2382 845 in·

402 865 542 912 clusus
574 877 752 920 manet,
787 879 878 911 non
910 863 1054 910 fiatuus
1085 861 1163 919 fit,
1199 861 1272 910 sed
1296 861 1414 924 quod
1441 861 1591 915 fatuus
1608 859 1716 917 fiat,
1751 861 1923 922 quoties
1950 860 2123 924 cogitat
2143 862 2263 925 quod
2286 861 2381 911 sans

403 927 496 976 &us
522 928 588 978 fit.
655 929 809 977 Simile
832 943 1028 975 murmur
1060 927 1208 975 audivi
1234 928 1291 975 ab
1312 926 1392 973 illis
1411 927 1486 988 qui
1509 940 1536 973 a
1554 937 1683 988 tergo
1706 937 1846 972 erant.

463 999 540 1042 66.
576 994 719 1041 Aliter
749 992 815 1040 est
843 991 1014 1041 SanGtis
1044 993 1107 1040 ita
1137 990 1263 1039 dietis
1288 991 1333 1039 in
1353 991 1475 1039 Caelo
1497 1023 1513 1049 ‚
1546 989 1594 1037 hi
1617 987 1916 1054 prorsus'nihil
1941 989 2082 1038 sciunt
2101 990 2159 1039 de
2181 1005 2238 1039 eo
2261 991 2382 1055 quod

403 1060 596 1107 interris
617 1059 693 1116 fit3
726 1072 933 1106 nectum
965 1056 1044 1104 illis
1070 1058 1274 1118 loquutus.
1299 1054 1418 1113 sum,
1452 1070 1510 1103 ne
1533 1055 1679 1117 aliqua
1708 1054 1809 1102 idea
1841 1054 1900 1102 de
1920 1070 1973 1103 ea
1993 1070 2043 1121 re
2064 1056 2180 1118 apud
2200 1056 2296 1104 illos
2314 1057 2381 1105 in-

399 1136 550 1170 traret.
616 1123 767 1170 Solum
805 1122 1029 1184 quondam
1060 1120 1274 1183 praeteriit
1297 1121 1453 1166 Mater
1474 1119 1662 1168 Domini
1684 1119 1866 1177 Maria«,
1905 1118 1954 1167 ἃ
1975 1119 2067 1167 visa
2097 1120 2224 1181 super
2248 1134 2383 1183 caput

399 1189 448 1236 in
469 1185 627 1234 vestitu
650 1184 780 1243 albo,
814 1186 865 1234 ἃ
889 1198 997 1233 tunc
1029 1187 1208 1247 paulum
1236 1197 1412 1232 morata
1433 1183 1572 1242 dixit,
1608 1185 1727 1246 quod
1751 1186 1905 1232 Mater
1928 1185 2114 1233 Domini
2136 1185 2266 1232 fuerit
2282 1222 2296 1244 ‚
2311 1199 2315 1202 ·
2330 1185 2384 1234 δε

401 1251 583 1314 quidem
604 1251 751 1299 abilla
773 1263 899 1298 natus
919 1286 932 1306 ‚
964 1250 1039 1297 sed
1064 1248 1206 1298 factus
1229 1251 1352 1297 Deus
1370 1249 1541 1297 exuerit
1560 1263 1696 1296 omne
1713 1249 1974 1296 Humanum
1996 1264 2052 1297 ex
2071 1249 2239 1307 illa,*&
2262 1250 2381 1313 quod

400 1316 506 1363 ideo
534 1331 651 1363 nunc
679 1315 835 1363 adoret
862 1314 1011 1378 Ipsum
1042 1328 1090 1372 ut
1123 1316 1244 1361 suum
1270 1314 1442 1371 Deum,
1476 1312 1527 1361 δε
1550 1312 1669 1375 quod
1690 1313 1799 1362 nolit
1825 1327 1872 1361 ut
1888 1313 2112 1378 quisquam
2134 1314 2282 1377 Ipsum
2303 1316 2386 1378 pro

400 1381 516 1428 Filio
546 1379 622 1427 suo
644 1381 879 1442 agnoscat,
913 1380 1014 1442 quia
1034 1379 1078 1426 in
1100 1378 1201 1441 Ipso
1219 1392 1353 1426 omne
1370 1378 1588 1426 Divinum
1609 1376 1690 1426 est.
2373 1377 2386 1389 '

411 1455 414 1458 ·
467 1450 546 1504 67.
583 1445 670 1492 His
703 1444 911 1508 adjiciam
938 1445 1029 1491 hoc
1050 1444 1378 1491 memorabile:
1403 1444 1597 1505 apparet»
1613 1441 1878 1505 quandoque
1903 1441 2215 1492 Parifienfibm
2237 1443 2312 1508 qui
2335 1444 2381 1493 in

401 1508 586 1556 Mundo
621 1509 830 1570 spirituali
863 1510 911 1556 in
941 1508 1156 1556 societate
1185 1508 1282 1555 sunt
1300 1541 1315 1563 ‚
1350 1509 1552 1570 quaedam
1578 1508 1747 1555 Mulier
1776 1508 1821 1555 in
1852 1508 2002 1555 media
2035 1508 2265 1557 altitudine
2285 1545 2299 1566 ‚
2333 1510 2381 1557 in

401 1573 564 1625 vestitu
585 1573 813 1632 splendido
833 1608 847 1630 ,
882 1571 931 1620 ἃ
949 1573 994 1620 in
1018 1572 1136 1621 facie
1158 1571 1564 1635 tanquamsanfia,
1585 1570 1634 1620 δι
1655 1572 1763 1620 dicit
1786 1571 1829 1619 se
1851 1572 1939 1620 effe
1961 1573 2281 1623 Genovevam:
2302 1572 2382 1622 sed

400 1652 505 1686 cum
527 1637 706 1700 quidam
738 1637 950 1698 incipiunt
982 1638 1168 1697 adorare
1201 1637 1346 1693 illam,
1382 1649 1487 1684 tunc
1519 1638 1639 1684 illico
1669 1649 1863 1684 mutatur
1884 1637 1978 1700 ejus
1999 1637 2165 1693 facieS,
2201 1638 2249 1687 ἃ
2270 1654 2379 1701 quo·-

401 1717 488 1764 que
506 1700 638 1749 vestis
655 1738 668 1759 ,
706 1699 755 1750 δι
773 1701 827 1750 fit
856 1700 1005 1749 fimilis
1034 1702 1229 1749 faerninae
1249 1702 1448 1764 vulgari,
1483 1700 1532 1750 ἃ
1553 1701 1836 1763 reprehendit
1854 1703 1952 1750 illos
1967 1703 2087 1765 quod
2108 1703 2248 1751 velint
2268 1702 2378 1750 ado-

398 1781 498 1814 rare
524 1765 778 1823 faeminam,
815 1781 913 1830 quae
944 1765 1228 1828 apud->socias
1259 1765 1354 1812 suas
1384 1780 1472 1813 non
1501 1767 1597 1828 plus
1624 1766 1669 1813 in
1703 1764 1992 1815 aestimatione
2014 1766 2080 1815 est
2109 1783 2241 1829 quam
2269 1767 2380 1816 ficut

400 1831 586 1888 ancilla,
620 1831 783 1880 mirans
815 1831 935 1894 quod
966 1829 1170 1878 homines
1199 1829 1351 1895 mundi
1379 1830 1538 1878 talibus
1561 1829 1687 1892 nugis
1707 1842 1957 1892 captentur.
1991 1832 2219 1880 Dicebant
2238 1832 2397 1895 angeli-

398 1895 519 1956 quod
555 1895 626 1943 illa
653 1908 863 1960 appareat
889 1907 1074 1960 propter
1105 1892 1429 1958 separationem
1461 1895 1680 1943 cultorum
1717 1893 1909 1944 hominis
1941 1893 1991 1944 δι
2026 1897 2246 1946 cultorum
2279 1899 2377 1947 Do·

400 1959 511 2008 mini
540 1960 638 2008 ibi-v

580 2058 711 2168 De
756 2083 1312 2170 Mahumedanis
1354 2092 1431 2170 in
1470 2090 1774 2192 Mundo
1813 2079 2137 2197 spirituali
2146 2120 2192 2187 33.

620 2215 625 2220 ’
872 2272 890 2290 ,
951 2207 989 2267 ί
1029 2206 1103 2275 &
1141 2201 1237 2275 de
1275 2199 1767 2276 Mahumede.·
1806 2205 1814 2209 ’

398 2360 475 2408 68.
541 2364 565 2373 ’·
639 2353 903 2402 ahumedani
923 2354 969 2402 in
990 2353 1168 2402 Mundo
1190 2353 1397 2415 spirituali
1421 2366 1635 2417 apparent
1659 2353 1757 2417 post
1777 2352 2034 2403 pontificios
2047 2355 2094 2404 in
2107 2356 2392 2417 Occidentz.

648 2417 696 2468 δι
722 2419 892 2467 faciunt
915 2418 1035 2481 quasi
1059 2418 1296 2467 ambitum:
1314 2420 1432 2482 quod
1455 2420 1517 2468 ibi
1538 2432 1805 2481 appareant,
1830 2419 1894 2467 est
1918 2421 2139 2482 praecipue
2163 2422 2264 2484 quia
2284 2423 2377 2470 Do·

397 2485 578 2539 minum,
599 2483 841 2546 agnoscunt
871 2498 955 2545 pro
982 2483 1193 2531 Maximo
1215 2485 1464 2544 Propheta,
1499 2482 1613 2531 Filio
1644 2483 1758 2542 Dei,
1791 2484 2119 2543 Sapientiffimo
2146 2487 2344 2534 omnium
2356 2502 2378 2545 ·,‘

396 2550 471 2611 qui
501 2546 647 2595 missus
674 2548 719 2596 in
742 2548 954 2595 mundum
982 2560 1031 2594 ut
1060 2548 1244 2595 doceret
1270 2548 1488 2596 homines.
1536 2547 1731 2612 Quisque
1762 2548 1807 2596 in
1828 2549 1903 2596 illo
1923 2548 2102 2596 Mundo
2124 2551 2294 2599 habitat
2319 2551 2378 2599 ad

399 2611 649 2661 distantiam
673 2629 700 2660 a
721 2613 980 2660 Meditullio
1012 2611 1281 2667 Christiano,
1318 2613 1393 2661 ubi
1428 2613 1525 2660 sunt
1548 2611 1833 2670 Reformati,
1865 2613 2103 2660 secundum
2139 2615 2371 2663 confeffio-

400 2692 504 2725 nem
528 2677 712 2724 Domini
734 2693 788 2725 ac
810 2677 952 2724 Unius
981 2677 1094 2734 Dei3
1125 2692 1229 2724 nam
1261 2677 1331 2725 illa
1350 2677 1580 2741 conjungit
1608 2679 1778 2725 animos
1813 2678 1973 2735 Caelo,-
1995 2678 2046 2725 δε
2074 2678 2186 2727 facit
2208 2678 2371 2728 distan=

402 2742 513 2790 tiam
534 2742 592 2789 ab
613 2741 825 2801 Oriente,
861 2741 988 2802 super
1015 2756 1103 2803 quo
1126 2740 1191 2789 est
1211 2742 1465 2800 Dominus;
1496 2741 1774 2804 illi2qui1non
1803 2742 1849 2790 in
1875 2742 1947 2790 illa
1967 2742 2249 2793 Confeffione
2278 2745 2376 2793 sunt

398 2807 537 2854 corde
567 2818 625 2853 ex
658 2807 752 2853 vira
786 2807 927 2862 mala,
960 2804 1036 2852 sub
1070 2806 1150 2852 illis
1182 2805 1226 2853 in
1259 2805 1461 2854 Infernis·
1481 2806 1593 2854 sunt.

468 2875 544 2928 69.
579 2870 806 2934 Quoniam
823 2870 1006 2932 Religio
1024 2869 1134 2917 facit
1154 2868 1359 2918 intimum
1379 2870 1594 2928 hominis,
1621 2868 1672 2918 ἃ
1694 2870 2046 2919 exitiumne-sunt
2062 2872 2229 2935 reliqua
2251 2871 2343 2936 ejus
2360 2889 2393 2931 ;.

401 2935 453 2983 ἃ
472 2935 683 2996 quoniam
710 2934 1011 2982 Mahumedes
1041 2933 1236 2982 versatur
1265 2935 1311 2982 in
1340 2935 1498 2983 animis
1529 2936 1702 2982 illorum
1730 2951 1816 2984 una
1845 2951 1949 2984 curn
1977 2937 2191 3000 religione
2214 2974 2227 2994 ‚
2271 2937 2376 2984 ideo

338 3014 342 3018 ·
401 2999 573 3062 semper
597 2998 751 3061 aliquis
772 2998 1074 3047 Mahurnedes
1105 3000 1151 3046 in
1186 2999 1425 3061 conspeetu
1452 3000 1624 3048 illorum
1658 3000 1861 3062 ponitur3
1891 3016 1949 3050 ac
1971 3013 2019 3048 ut
2037 3013 2213 3049 vertant
2241 3001 2393 3049 facies·

402 3064 497 3113 suas
520 3063 576 3111 ad
604 3062 838 3110 Orientem
853 3100 864 3117 ,
901 3063 1029 3124 super
1046 3078 1133 3124 quo
1155 3061 1222 3111 est
1241 3065 1486 3122 Dominus,
1521 3064 1699 3126 ponitur
1729 3066 1801 3113 ille
1824 3065 1869 3112 in
1890 3065 2152 3114 Meditullio
2171 3066 2378 3114 Christia-

400 3144 463 3176 no
490 3128 620 3176 infra.
688 3128 799 3175 Non
821 3126 887 3175 est
904 3127 996 3190 ipse
1014 3128 1314 3176 Mahumedes
1331 3130 1407 3192 qui
1426 3131 1704 3177 Alcoranurn
1730 3127 1923 3192 scripsit,
1959 3129 2034 3178 sed
2055 3132 2160 3178 alius
2183 3131 2256 3190 qui
2282 3145 2377 3176 mu-

401 3208 508 3241 neoe
529 3194 604 3242 illo
638 3190 861 3256 fungitur3
893 3207 980 3242 nec
1001 3190 1074 3241 est·
1095 3191 1215 3241 idem
1248 3192 1803 3306 semperbsedsmutatur:
1836 3194 2062 3258 quondam
2084 3195 2168 3244 fuit
2186 3209 2299 3306 gnus
2324 3206 2412 3266 ex„

1509 3273 1536 3322 3
2220 3271 2398 3306 axoma-
