2632 3516
202 240 273 282 π
398 213 910 281 DOCTRINA
956 215 1228 278 NOVAE
1276 219 1997 286 HIEROSOLYMAE

156 352 160 411 ζ
207 356 433 400 merentur
463 344 624 393 eadem
655 353 797 408 opera
821 342 1072 405 clm-itatis,
1106 343 1157 395 ἃ
1186 344 1365 396 dicatur
1376 346 1499 410 quod
1526 347 1601 398 illa
1618 364 1709 401 non
1736 352 1954 413 fecerint,
1990 353 2040 404 ἃ
2067 354 2187 419 qnod

159 419 161 463 ἓ
206 415 253 463 hi
286 412 391 461 ideo
424 409 715 468 damnentur3
747 406 813 459 est
845 411 969 475 enirn
1003 410 1120 475 apud
1150 426 1231 459 eos
1251 412 1327 475 qui
1359 411 1528 461 infide
1555 413 1754 477 separata
1774 418 2037 469 acharitate
2067 422 2187 481 sunt,

160 497 161 501 ¹
205 476 381 528 omiffio
404 490 620 540 operum,
642 490 698 524 ex
716 474 957 538 negatione
975 476 1094 539 quod
1128 476 1235 525 nihil
1269 476 1412 526 salutis
1436 477 1485 528 δι
1505 478 1719 530 Ecclesiae
1737 483 1782 530 in
1802 483 1881 531 inis
1900 483 1979 544 fit3
2011 484 2060 533 ἃ
2085 501 2190 534 cum

204 553 463 592 removetur
485 541 547 591 ita
573 540 793 600 charitas,
825 553 923 604 quae
944 539 1141 590 consistit
1162 541 1206 590 in
1229 541 1463 606 operibus,
1498 543 1621 593 cadit
1644 546 1782 595 etiam
1799 546 1938 607 fides,
1974 550 2190 611 quoniam

159 666 162 667 ⁷
204 608 319 658 fides
345 605 410 656 est
440 621 498 655 ex
518 606 761 664 charitate3
794 605 844 655 ἃ
865 621 971 656 cum
996 621 1086 656 non
1110 607 1301 656 charitas
1323 607 1373 657 ἀ
1392 606 1533 666 fides,
1569 609 1634 658 est
1656 611 1898 660 damnatio.
1965 615 2012 662 Si
2033 630 2189 665 omnes

161 696 166 742 ᾗ
204 673 315 723 mali
335 672 600 737 pervflircos
630 671 693 720 ibi
723 669 931 722 inteneffi
948 671 1169 725 fuissent,
1202 686 1294 722 nou
1319 688 1458 737 opera
1485 674 1710 724 charitatis
1729 692 1826 738 quae
1844 692 1932 726 non
1961 678 2188 740 fecerunt„

164 744 169 778 ἱ
193 739 285 788 ‘sed
313 739 430 787 mala
458 750 557 801 quae
586 736 812 796 fecerunt,
845 748 1106 786 enumerata
1134 736 1329 786 fuissent.
1392 738 1566 787 Similes
1583 755 1664 803 per
1684 742 1852 790 Hircos
1878 743 2015 791 etiarn
2033 746 2189 794 intelli·

204 814 368 869 guntur
386 802 504 866 apud
531 804 808 851 Strenuum
822 838 836 861 ,
872 802 999 867 Super
1019 801 1211 866 Pastares
1234 796 1386 863 exarsit
1405 805 1467 850 ira
1491 818 1604 862 mea,
1627 803 1683 858 ἐξ
1693 805 1815 868 super
1836 808 1981 855 Hircos
1997 806 2188 868 visitabo,

200 870 265 919 X.
297 883 340 930 3.
376 869 436 916 Et
465 867 583 930 apud
605 869 941 926 Ezacurttm,
979 867 1086 916 Ecce
1105 868 1197 929 Ego
1221 868 1410 930 judicans
1443 868 1548 916 inter
1563 869 1747 931 pecudem
1769 869 1824 923 ἐξ
1844 874 2048 932 pecudem,
2083 876 2187 920 inter

201 935 366 984 Λήιτος
395 930 452 987 &³
475 935 578 980 incer
600 933 747 980 Hircos
764 945 780 978 .·
815 947 910 980 num
940 944 1085 994 parum
1119 935 1254 991 vobis,
1281 930 1468 994 pascuum
1505 936 1646 981 bonum
1678 933 1886 997 depascitis
1899 972 1913 994 ,
1948 940 2071 983 etiam
2094 938 2187 984 reli-

199 1012 328 1061 quum
343 997 576 1061 pascuorum
596 997 830 1045 conculcatis
851 997 1014 1059 pedibus
1034 997 1178 1061 vostris
1197 1011 1214 1043 .·
1246 999 1432 1043 cornibus
1460 996 1604 1061 vestris
1611 996 1760 1060 feritis
1782 1014 1913 1046 omnes
1938 1003 2049 1048 Oves
2072 1001 2185 1062 infir-

211 1078 302 1110 mas
325 1098 341 1122 ‚
375 1064 493 1110 donec
525 1059 780 1124 disperserim
812 1061 902 1108 illas
923 1076 941 1108 .·
974 1063 1056 1108 idco
1078 1060 1247 1123 salvabo
1269 1062 1454 1125 ⁴Gregem
1486 1078 1641 1123 meum,
1674 1074 1719 1112 ut
1746 1078 1824 1112 mm
1851 1062 1915 1127 fit
1946 1065 2114 1128 amplius
2142 1069 2185 1116 in

197 1128 377 1190 praedam
398 1164 412 1188 ,
449 1126 673 1176 XXXIV.
701 1141 778 1188 17,
805 1131 880 1186 18,
910 1141 986 1175 22.
1010 1126 1127 1192 seqq.
1834 1126 1837 1128 ’

316 1310 545 1417 Quod
588 1308 810 1388 Fides
840 1310 1159 1415 *separata
1195 1336 1233 1387 a
1265 1307 1643 1388 ⁴Charitate
1674 1308 2073 1390 Ecclesiam

715 1424 792 1502 &
834 1418 1083 1499 omnia
1129 1418 1283 1525 ejus
1333 1417 1669 1497 destruat.

203 1633 281 1690 69.
388 1628 490 1677 Ides
523 1628 723 1690 separata
749 1642 778 1676 a
808 1627 1028 1678 charitate
1053 1627 1178 1679 —nuiia
1217 1624 1282 1675 est
1316 1625 1430 1676 fides
1455 1662 1469 1686 ‚
1513 1626 1725 1691 quoniam
1754 1624 1955 1674 Charitas
1992 1625 2057 1676 est
2095 1629 2188 1679 vira

303 1636 379 1751 F
418 1694 558 1753 fidei,
592 1691 659 1745 est
692 1693 840 1743 anima
869 1693 994 1756 ejus,
1027 1691 1077 1742 &
1097 1691 1164 1742 est
1188 1691 1370 1741 essentia
1393 1692 1514 1753 ejus3
1545 1690 1595 1739 <Sc
1617 1691 1704 1739 ubi·
1721 1692 1836 1739 nulla
1854 1689 1976 1739 ,fides
1997 1691 2062 1740 est
2083 1693 2187 1756 quia

201 1761 315 1807 nulla
348 1760 567 1818 charitas,
601 1759 663 1808 ibi
695 1760 811 1810 nulla
839 1753 1038 1806 Ecclesia
1074 1755 1171 1806 est:
1206 1770 1341 1819 quare
1368 1754 1479 1803 dicit
1498 1755 1739 1803 Dominus.
1807 1791 1841 1815 „
1874 1754 2000 1804 fimus
2019 1758 2188 1807 hominis

199 1857 236 1883 ,‚
268 1839 356 1870 cum
378 1825 558 1880 venerit,
593 1838 691 1869 num
715 1824 895 1870 inveniet
913 1819 1039 1882 fidem
1050 1819 1175 1882 stapor
1191 1810 1360 1868 terra⁵'.
1395 1821 1507 1867 Luc.
1528 1820 1706 1870 XVHL
1732 1824 1776 1872 8.

266 1903 343 1949 70.
379 1886 552 1936 Audivi
585 1886 752 1934 Hircos
777 1883 828 1933 δι
850 1886 977 1933 Oves
1001 1885 1233 1947 aliquoties
1262 1883 1321 1932 de
1355 1899 1412 1932 eo
1435 1885 1739 1949 colloquutoS,
1773 1900 1879 1933 num
1901 1884 2010 1941 inis,
2031 1886 2119 1949 *qui
2141 1886 2187 1936 se

199 1952 579 2002 confirmaverunt
601 1950 648 1999 in
670 1948 762 1998 fide
782 1949 981 2012 separata
1001 1965 1031 1997 a
1049 1949 1267 1997 charitate
1280 1984 1293 2006 ‚
1329 1946 1413 1997 ulla
1434 1952 1596 1998 veritas
1625 1949 1678 1997 fit
1691 1985 1705 2007 ‚
1741 1946 1791 1998 ἃ
1815 1951 1918 2013 quia
1948 1951 2152 1999 dixerunt
2171 1985 2186 2005 ‚

199 2016 322 2081 quod
348 2016 487 2065 multa
518 2013 572 2063 fit
592 2049 606 2071 ‚
641 2015 718 2063 Lis
750 2015 823 2064 illa
855 2014 901 2062 in
938 2029 1129 2063 examen
1162 2011 1287 2062 miffa
1307 2011 1400 2072 est;
1434 2012 1484 2062 &
1506 2027 1613 2063 tunc
1634 2015 1894 2076 interrogati
1917 2015 2039 2073 sunt,
2074 2030 2183 2063 num

199 2080 341 2130 sciant
367 2081 474 2145 quid
497 2081 641 2128 Amor
663 2115 678 2138 ‚
714 2079 819 2142 quid
856 2078 1057 2127 Charitas
1081 2111 1097 2134 ,
1136 2078 1187 2127 δι
1215 2076 1320 2141 quid
1348 2079 1522 2126 Bonum
1544 2114 1558 2136 ,
1592 2077 1642 2126 ἃ
1677 2079 1778 2141 quia
1807 2080 1903 2127 haec
1935 2091 2061 2127 erant
2088 2095 2185 2142 quae

199 2145 537 2208 separaverunt,
573 2159 663 2192 non
697 2155 937 2204 potuerunt
974 2144 1100 2191 aliter
1130 2143 1422 2204 respondere,
1458 2158 1591 2205 quarn
1617 2142 1737 2206 quod
1760 2157 1849 2189 non
1872 2142 2045 2191 scirent.
2111 2145 2185 2193 ln·

199 2211 414 2275 terrogati
452 2209 576 2268 sunt,
607 2207 713 2271 quid
741 2209 986 2256 Peccatum
1007 2239 1023 2265 ,
1059 2207 1164 2271 quid
1195 2206 1478 2264 Paenitentia,
1510 2205 1562 2258 ἃ
1593 2207 1696 2270 quid
1729 2206 1947 2255 Remiffio
1981 2220 2188 2271 peccato-

195 2291 297 2326 rum
316 2310 331 2333 ,
366 2273 417 2324 ἃ
448 2274 553 2336 quia
580 2273 897 2338 responderunt
933 2271 1053 2336 quod
1085 2273 1160 2335 qui
1196 2271 1423 2336 justificati
1455 2271 1552 2319 sunt
1589 2271 1861 2334 per'fidem',
1897 2273 1979 2320 illis
2012 2269 2187 2322 remissa

198 2352 390 2404 peccata
421 2338 539 2397 sint,
585 2350 635 2387 ut
665 2354 755 2387 non
789 2338 973 2401 amplius
1002 2351 1279 2400 appareant3
1325 2335 1493 2385 dietum
1531 2335 1595 2384 est
1629 2337 1734 2391 illis,
1758 2336 1869 2385 ‚haec
1906 2343 1994 2386 non
2024 2339 2187 2387 veritas

198 2406 310 2455 sunt.
383 2404 652 2468 Interrogati
692 2403 796 2468 quid
830 2403 1167 2467 RegeneratiO,
1209 2401 1529 2464 responderunt
1567 2402 1684 2463 quod
1717 2402 1788 2449 vel
1833 2401 1883 2449 fit
1912 2401 2181 2464 baptismus,

197 2472 269 2520 vel
299 2470 419 2535 quod
454 2468 506 2518 fit
534 2468 727 2518 remiffio
757 2483 1046 2531 peccatorum
1080 2467 1160 2531 per
1191 2468 1358 2524 fidem3
1390 2466 1556 2515 difturn
1579 2467 1659 2516 illis
1686 2465 1803 2529 quod
1828 2466 1874 2514 id
1908 2482 1994 2514 non
2016 2468 2180 2516 veritas

198 2535 266 2585 fit.
333 2535 600 2600 Interrogati
629 2535 734 2597 quid
772 2534 1002 2597 spiritualis
1031 2535 1197 2594 homo,
1230 2531 1546 2595 responderunt
1580 2532 1699 2595 quod
1735 2529 1787 2579 fit
1816 2531 1891 2595 qui
1922 2529 2185 2595 justificatus

197 2600 263 2650 est
284 2616 363 2665 per
385 2600 525 2649 fidem
556 2599 837 2651 confesfionis
867 2597 1058 2657 nostrae3
1093 2598 1168 2646 sed
1199 2596 1364 2646 dicium
1402 2596 1508 2656 inis,
1543 2597 1662 2657 quod
1695 2597 1791 2651 haec
1824 2611 1913 2644 non
1936 2597 2099 2645 veritas
2115 2595 2182 2645 fit.

195 2667 470 2730 ,Interrogati
499 2664 558 2715 de
590 2665 924 2728 Redemptione
945 2701 958 2723 ,
994 2664 1053 2713 de
1089 2663 1271 2712 Unione
1301 2662 1442 2711 Patris
1470 2660 1520 2710 δι
1548 2662 1738 2710 Domini
1763 2695 1781 2720 ,
1815 2660 1960 2723 deque
1993 2662 2183 2710 Unitate

199 2731 314 2790 Dei,
349 2731 399 2781 &
432 2730 749 2794 responderunt
778 2746 875 2794 quae
911 2744 1001 2778 non
1021 2729 1231 2777 veritates
1266 2740 1421 2787 erant3
1453 2741 1613 2790 praeter
1649 2729 1787 2790 plura.
1854 2725 1958 2775 Post
1991 2728 2182 2774 Interro-

198 2798 400 2857 gationes
431 2795 481 2845 ἃ
513 2795 743 2859 Responsa
775 2795 851 2844 Lis
881 2793 937 2841 ad
965 2793 1192 2857 Judiciurn
1224 2793 1376 2850 venit,
1410 2793 1529 2855 quod
1570 2805 1691 2850 erat,
1726 2790 1845 2853 quod
1880 2791 1940 2838 illi
1972 2790 2045 2853 qui
2075 2807 2183 2840 con-

176 2859 491 2913 firmaverunt
522 2862 567 2909 se
597 2863 642 2910 in
675 2860 768 2910 fide
806 2859 1006 2922 separata
1038 2875 1064 2907 a
1092 2859 1309 2907 charitate
1343 2872 1432 2906 non
1459 2858 1656 2905 habeant
1682 2859 1815 2905 ullam
1838 2855 2086 2904 veritatem.

202 2954 218 2982 ·.·
265 2938 343 2985 71.
392 2926 527 2991 Quod
558 2926 620 2974 ita
652 2925 731 2985 fit,
767 2939 859 2974 non
885 2924 1010 2985 credi
1034 2922 1177 2986 potest
1198 2925 1255 2972 ab
1278 2923 1357 2971 111ss
1378 2923 1424 2970 in
1445 2922 1637 2980 mundo,
1672 2922 1879 2984 quoniam
1904 2921 2043 2982 quiin
2062 2917 2179 2968 falfis

195 2987 319 3047 sunt,
354 3002 444 3037 non
471 2990 625 3037 vident
642 2992 766 3040 aliter
790 3005 925 3054 quam
951 2989 1069 3051 quod
1097 2988 1201 3037 falsa
1233 2987 1315 3036 [int
1338 3002 1471 3046 vera,
1507 2986 1556 3034 ἃ
1578 2986 1698 3049 quod
1723 2988 1849 3050 plura
1874 2985 2006 3042 scire,
2042 2997 2174 3046 quam

197 3068 300 3118 quae
317 3051 426 3101 fidei
444 3067 597 3100 eorum
621 3054 742 3113 sunt,
777 3054 888 3103 tanti
912 3069 1001 3101 non
1024 3053 1100 3112 fit3
1132 3052 1181 3101 δι
1201 3053 1313 3101 fides
1339 3052 1511 3100 illorum
1532 3050 1597 3099 est
1616 3050 1812 3114 separata
1837 3050 1894 3098 ab
1928 3044 2177 3099 incendia,

198 3116 273 3171 est
299 3117 419 3168 enim
448 3115 561 3166 fides
592 3131 741 3178 caeca,
775 3119 825 3169 ἃ
858 3118 963 3168 ideo
985 3134 1076 3167 non
1095 3118 1353 3185 ‚inquirunt5
1385 3116 1435 3166 &
1462 3118 1552 3166 hoc
1580 3132 1671 3165 non
1702 3116 1825 3164 aliter
1844 3113 2002 3177 inquiri
2029 3107 2174 3172 potest

2040 3188 2172 3237 quam

2619 3354 2624 3368 “
2615 3304 2627 3323 ⁹
2609 2621 2632 3282 ’ρης-ὴ.Ἲγνῆιν·Ο-.κινη-Ᾰ-ι-αι-ιιὰιὴνο-.ιμ’-κυ..-
2617 2580 2632 2587 ζ
2630 2527 2632 2548 ΛΑ
2621 2490 2626 2493 ·
2613 2404 2623 2422 ⁵*
2623 2364 2626 2365 ¹
