2632 3516
662 260 1634 326 D'E'SCRIP'TURA
1707 259 2139 320 sAcRA.
2285 283 2348 330 33

381 427 387 435 -
420 396 523 443 ὄσ.
556 391 649 442 Sed
670 392 762 441 hoc
782 393 975 455 primum
1000 388 1341 463 illustretur-per
1358 387 1720 459 comparationes
1742 402 1798 434 ex
1821 388 1958 436 tribus
1977 386 2150 451 Regnis
2160 399 2352 447 naturae,

372 474 475 581 {0⁰³4
503 451 2355 584 {fflaz‘sAfflmz'591„XefflssfflffilssErizsssssazgzz‘sssfassg

374 604 554 638 nerveae
574 589 696 636 snum
715 587 920 645 succum3
938 587 987 634 ἃ
1007 583 1279 641 substantiae,
1299 596 1398 645 quae
1417 580 1512 628 sunt
1531 579 1726 644 origines
1746 579 1981 640 fibrarum,
2005 583 2126 630 suum
2147 583 2348 645 spiritum

372 656 624 703 animalem.
659 653 730 701 Ex
746 652 1280 701 Rmno·VaGa·ramtr:
1312 647 1464 694 Arbor
1488 661 1593 692 cum
1612 658 1799 702 trunco,
1832 647 1989 702 ramis,
2026 645 2143 695 foliis
2162 647 2212 695 <Sc
2227 649 2344 696 ftuc·

373 720 490 767 tibus
509 716 596 767 stat
613 717 742 781 super
765 718 919 766 radice
938 714 1039 767 sua,
1073 711 1124 762 δι
1143 729 1200 761 ex
1222 712 1363 760 humo
1375 726 1463 774 per
1485 710 1684 759 radicem
1705 708 1897 759 extrahit
1914 707 1965 756 ἃ
1985 723 2149 758 evocat
2162 712 2344 762 succum

373 783 625 832 eraffiorem
655 798 741 847 pro
772 795 960 840 trunco,
994 779 1128 828 ramis
1154 778 1204 827 ἀ
1235 777 1373 833 foliis,
1409 775 1634 839 puriorem
1660 791 1743 839 pro
1764 789 1896 823 carne
1914 772 2159 831 finanum,
2197 775 2246 823 ἃ
2266 794 2345 838 pu·

373 848 589 897 riffimum'
612 864 695 912 pro
725 848 963 897 seminibus
990 846 1106 893 intra
1134 841 1315 891 fruetus.
1347 843 1420 890 Ex
1448 842 1625 889 Rmno
1653 854 1916 890 humanu:
1949 840 1994 887 in
2013 841 2188 902 gremio
2211 853 2341 889 terrae

372 913 420 961 in
449 913 709 976 quibusdam
738 913 848 962 locis
879 911 979 959 sunt
999 910 1182 958 minerae
1197 909 1499 971 impraegnatae
1518 921 1653 965 auro,
1687 917 1875 970 argento
1896 903 1947 954 ἃ
1973 903 2121 963 ferr03
2156 920 2212 954 ex
2233 905 2345 954 hali-

372 978 489 1025 tibus
514 977 562 1026 in
597 990 715 1028 terra
742 976 982 1028 reconditis
1012 974 1147 1024 trahit
1180 987 1332 1024 aurum
1362 973 1486 1021 suum
1517 972 1813 1033 elementum,
1846 982 2080 1036 argentum
2105 970 2258 1032 suum,
2294 970 2347 1020 δε

370 1041 540 1090 ferrum
556 1042 696 1091 suum.

431 1111 517 1167 67.
546 1107 784 1156 llluslretur
809 1122 934 1156 nunc
965 1121 1047 1169 per
1073 1107 1354 1168 exemplum,
1387 1105 1617 1168 quomodo
1651 1101 1818 1166 Angeli
1848 1102 2086 1166 spirituales
2107 1101 2345 1151 extrahunt
2405 1113 2416 1147 “·.

372 1168 496 1217 suum
525 1170 719 1229 sensum,
753 1170 805 1219 &
844 1171 1009 1235 Angeli
1048 1169 1241 1219 caelestes
1273 1172 1423 1223 suum,
1457 1186 1512 1218 ex
1538 1170 1655 1218 sensu
1682 1170 1896 1225 naturali,
1930 1169 1976 1216 in
2005 1183 2095 1231 quo
2117 1166 2189 1216 est
2224 1168 2345 1215 Ver·

370 1236 480 1283 bum
512 1236 632 1298 apud
662 1236 887 1285 homines:
921 1240 966 1284 in
988 1238 1242 1298 exemplum
1275 1235 1358 1284 fint
1374 1236 1569 1299 quinque
1591 1238 1816 1295 Praecepta
1836 1235 2059 1295 decalogi.
2091 1285 2095 1288 ,
2122 1235 2339 1280 Pafflcrp-
2421 1236 2429 1292 ξ

371 1307 503 1358 rurs,
538 1301 704 1348 Patrem
730 1311 844 1348 tuum
865 1299 922 1354 ἐξ
941 1303 1126 1348 Matrem
1146 1311 1259 1347 tuam
1279 1301 1507 1349 honorabis:
1539 1301 1680 1348 homo
1703 1314 1780 1359 per
1797 1312 1970 1362 patrem
1991 1300 2040 1346 δι
2065 1312 2253 1345 matrem
2275 1299 2342 1345 in·
2426 1298 2431 1303 ”

373 1365 533 1428 telligit
551 1364 724 1427 patrem
746 1365 796 1412 ἃ,
827 1378 1017 1412 matrem
1044 1365 1090 1412 in
1116 1378 1256 1423 terra,
1291 1377 1339 1411 ut
1359 1364 1408 1412 δι
1430 1364 1586 1412 omnes
1604 1366 1679 1427 qui
1696 1368 1797 1413 loco
1815 1366 1951 1426 patris
1974 1363 2023 1411 ἃ
2043 1364 2195 1411 matris
2214 1361 2341 1418 fiant,

370 1426 423 1477 ἀ
456 1445 536 1491 per
554 1429 774 1478 honorare
791 1430 994 1491 intelligit
1014 1430 1111 1477 illos
1134 1429 1303 1476 honore
1324 1428 1514 1485 habere,
1550 1428 1600 1477 ἃ
1622 1430 1703 1476 illis
1725 1428 1921 1475 obedire.
1954 1433 2019 1475 At
2039 1428 2238 1490 Angelus
2259 1427 2346 1487 spi·
2420 1463 2423 1466 .

370 1493 537 1542 ritualis
557 1510 637 1556 per
653 1497 830 1545 Patrem
846 1495 1049 1556 intelligit
1066 1495 1316 1542 Dominum
1337 1493 1385 1541 ἃ
1409 1509 1487 1555 per
1503 1495 1708 1542 Matrem
1731 1491 1975 1539 Ecclesiam
1993 1509 2007 1549 ;
2034 1492 2084 1540 ἃ
2107 1507 2185 1553 per
2197 1490 2342 1538 hono·
2414 1525 2421 1558 ;

371 1572 473 1606 tare
501 1559 705 1622 intelligit
719 1574 894 1607 ⁷amares
922 1559 1122 1621 Angelus
1138 1570 1289 1606 autem
1312 1558 1493 1606 caelestis
1514 1574 1594 1621 per
1614 1560 1793 1607 Patrem
1808 1557 2013 1620 intelligit
2034 1555 2251 1604 Divinum
2271 1556 2339 1602 A-
2412 1559 2418 1613 ζ

369 1636 547 1671 morem
569 1624 782 1681 Domini,
815 1638 895 1685 per
913 1625 1115 1671 Matrem
1137 1623 1351 1672 Divinam
1372 1624 1644 1685 Sapientiam
1663 1621 1826 1686 Ipfius,
1855 1620 1906 1670 δι
1927 1637 2008 1685 per
2032 1621 2249 1668 honorare
2267 1619 2336 1667 fa·
2415 1657 2418 1678 7

371 1701 478 1736 oere
513 1689 683 1736 bonum
722 1689 780 1736 ab
821 1687 936 1750 Ipso.
998 1689 1298 1736 Pnfficm’rtm
1316 1724 1331 1745 ,
1368 1689 1460 1746 Non
1474 1687 1716 1748 furaberis,
1750 1687 1891 1735 homo
1930 1702 2011 1749 per
2045 1685 2182 1734 furari
2218 1686 2348 1734 intel-

371 1751 475 1816 ligit.
495 1751 655 1811 furari,
690 1752 981 1810 defraudare,
1015 1753 1093 1802 sub
1123 1753 1267 1815 aliqua
1286 1752 1431 1815 specie
1454 1756 1660 1814 proximo
1685 1753 1859 1800 auferre
1874 1751 1949 1800 sua
1973 1753 2108 1799 bona.
2141 1751 2344 1812 Angelus

371 1815 604 1879 spiritualis
635 1833 715 1879 per
739 1818 875 1866 furari
894 1816 1099 1880 intelligit
1119 1817 1357 1880 deprivare
1374 1818 1483 1865 alios
1500 1817 1587 1864 suae
1605 1816 1711 1865 fidei
1733 1817 1848 1864 veris
1872 1817 1921 1864 ἀ
1939 1815 2164 1864 charitatis
2183 1816 2313 1864 bonis
2328 1850 2344 1871 ,

373 1895 457 1955 per
484 1880 596 1930 falsa
624 1882 676 1931 &
702 1883 832 1931 mala.
885 1882 1082 1946 Angelus
1110 1894 1261 1931 autem
1297 1881 1480 1931 caelestis
1500 1899 1579 1944 per
1597 1881 1735 1930 furari
1757 1881 1962 1944 intelligit
1991 1882 2230 1930 attribuere
2263 1879 2344 1928 fibi

371 1946 445 1994 illa
477 1961 576 2009 quae
611 1948 796 1996 Domini
825 1946 953 2004 sunt,
984 1962 1041 1996 ac
1080 1947 1307 1997 vindicare
1344 1947 1422 1995 sibi
1451 1947 1664 2010 justitiam
1703 1946 1752 1993 ἃ
1784 1948 1992 1994 meritum
2015 1945 2163 2007 Ipsius.
2214 1947 2347 1992 PRAE-

315 2061 321 2066 ,
373 2024 589 2068 curun,
620 2027 699 2060 non
718 2012 1028 2070 adulteraberi53
1060 2012 1200 2061 homo
1221 2030 1300 2076 per
1319 2014 1555 2061 adulterari
1577 2012 1781 2075 intelligit
1803 2012 2069 2060 adulterium
2088 2012 2345 2058 committe-

369 2089 447 2133 re,
482 2074 692 2136 scortari,
725 2077 926 2126 obscaeua
955 2078 1132 2137 facere,
1167 2079 1332 2127 lasciva
1361 2079 1507 2140 loqui,
1542 2077 1591 2125 &
1614 2077 2002 2142 spurca-cogitare.
2038 2078 2237 2137 Angelus
2257 2075 2344 2136 spi-

370 2139 536 2189 ritualis
562 2156 643 2205 per
661 2142 897 2192 adulterari
918 2142 1122 2206 intelligit
1141 2143 1388 2192 adulterare
1418 2145 1535 2191 bona
1555 2142 1732 2199 Verbi,
1765 2141 1815 2189 ἃ
1844 2141 2076 2188 falsificare
2105 2155 2212 2185 vera
2230 2140 2339 2201 ejus.

369 2205 570 2268 Angelus
595 2220 747 2256 autem
781 2205 965 2255 caelestis
994 2223 1074 2268 per
1105 2209 1338 2256 adulterari
1368 2207 1572 2268 intelligit
1606 2221 1772 2268 negare
1804 2207 2021 2253 Divinum
2035 2204 2253 2260 Domini,
2288 2201 2342 2250 ἀ

369 2269 648 2332 prophanare
668 2272 889 2320 Verbum.
943 2271 1264 2327 Pmcarrum,
1310 2286 1386 2316 non
1430 2272 1603 2326 occide53
1644 2270 1783 2316 horno
1833 2284 1913 2330 per
1952 2268 2163 2317 occidere
2203 2266 2342 2314 etiam

370 2333 579 2396 intelligit
610 2333 719 2381 odio
749 2333 940 2390 habere,
976 2333 1027 2379 &
1057 2334 1301 2380 vindictam
1340 2349 1504 2394 cupere
1537 2334 1670 2394 usque
1698 2333 1755 2380 ad
1782 2347 1960 2380 necem.
2015 2333 2215 2394 Angelus
2247 2330 2337 2391 spi·

371 2396 538 2444 ritualis
566 2411 650 2458 pro
675 2397 885 2444 occidere
907 2396 1113 2457 intelligit
1130 2397 1359 2453 diabolum
1379 2412 1513 2458 agere
1534 2395 1582 2443 ἃ
1609 2412 1767 2444 necare
1788 2397 1982 2444 animam
2002 2395 2205 2445 hominis.
2241 2396 2340 2443 An·

370 2460 494 2523 gelus
525 2473 693 2509 autem
763 2460 879 2509 lestis
896 2475 979 2522 pro
995 2461 1204 2509 occidere
1223 2461 1431 2524 intelligit
1455 2461 1701 2508 Dominum
1722 2460 1829 2508 odio
1847 2460 2039 2515 habere,
2074 2459 2124 2508 ἃ
2146 2462 2218 2508 illa
2242 2476 2341 2522 quae
2417 2458 2424 2510 ἑ

369 2525 559 2574 Domini
589 2525 711 2574 sunt.'
751 2528 1049 2575 Pittaci-:rrum
1066 2560 1082 2585 ,
1122 2528 1210 2573 Non
1218 2524 1332 2587 fafflt
1350 2525 1579 2587 restabam
1614 2526 1754 2573 homo
1783 2541 1864 2587 per
1891 2526 1998 2574 false
2025 2524 2174 2573 testari
2199 2525 2338 2574 etiam
2415 2567 2418 2570 ,

370 2589 577 2653 intelligit
605 2590 783 2639 mentiri
821 2589 873 2640 δι
904 2589 1153 2639 diffamare.
1203 2590 1402 2652 Angelus
1430 2590 1657 2653 spiritualis
1687 2606 1769 2654 pro
1803 2589 1911 2639 false
1950 2590 2099 2639 testari
2136 2590 2342 2653 intelligit
2411 2610 2415 2612 >

373 2654 525 2703 dicere
558 2653 610 2704 δι
638 2655 898 2718 persuadere
927 2656 1048 2719 quod
1078 2655 1234 2704 falsum
1264 2656 1316 2704 fit
1361 2669 1541 2713 verum,
1575 2671 1631 2703 ac
1665 2658 1831 2705 malum
1868 2656 1919 2703 fit
1945 2658 2142 2711 bonum,
2176 2655 2242 2703 δι’
2271 2655 2341 2704 vi·

372 2718 530 2769 ciffim.
561 2722 763 2784 Angelus
788 2734 937 2770 autem
956 2720 1136 2770 caelestis
1159 2738 1242 2784 pro
1260 2721 1369 2770 false
1386 2718 1533 2770 testari
1550 2721 1753 2785 intelligit
1772 2721 2074 2784 blasphemare
2088 2721 2340 2769 Dominum

375 2783 426 2833 ἀ
456 2785 680 2836 Verbum.
711 2787 783 2833 Ex
812 2785 880 2834 his
909 2785 1052 2834 videri
1084 2786 1260 2849 potest,
1294 2786 1523 2850 quomodo
1541 2786 1762 2834 evolvitur
1781 2785 1831 2835 δι
1854 2786 2096 2835 extrahitur
2116 2786 2343 2848 spirituale

372 2847 423 2897 ἃ
446 2847 617 2897 caeleste
640 2865 696 2897 ex
714 2850 837 2898 sensu
858 2850 1044 2898 naturali
1067 2853 1238 2909 Verbi,
1262 2853 1336 2900 cui
1355 2850 1519 2899 insunt:
1542 2849 1592 2898 ἃ
1617 2852 1738 2914 quod
1761 2851 1966 2900 mirabile
1984 2850 2077 2910 est,
2113 2850 2233 2915 quod
2246 2851 2344 2899 An·

374 2914 464 2977 geli
485 2915 719 2963 extrahant
738 2914 813 2962 sua
825 2947 840 2969 ,
875 2928 1035 2977 praeter
1052 2915 1174 2978 quod
1197 2916 1335 2964 sciant
1361 2915 1468 2978 quid
1490 2914 1629 2963 homo
1648 2917 1844 2980 cogitat3
1876 2930 1924 2966 at
1943 2917 2076 2980 usque
2093 2915 2336 2978 cogitatio·

373 2993 452 3027 nes
475 2981 730 3042 angelorum
744 2977 794 3026 ἃ
817 2979 1047 3029 hominum
1070 2995 1205 3027 unum
1225 2980 1394 3029 faciunt
1414 2995 1494 3042 per
1513 2981 1947 3044 correspondentias,
1966 2982 2076 3030 ficut
2094 2981 2339 3038 finis‚cau-

375 3043 422 3091 sa
460 3042 511 3092 ἀ
542 3042 755 3101 effeflus3
786 3043 896 3090 fines
922 3044 1067 3090 etiam
1084 3044 1312 3093 actualiter
1344 3044 1506 3094 suntin
1532 3047 1696 3109 Regno
1719 3046 1913 3106 caelesti,
1946 3046 2090 3096 causae
2109 3048 2155 3094 in
2174 3047 2338 3108 Regno

375 3106 605 3169 spirituali,
646 3107 695 3156 ἃ
730 3106 916 3155 effecius
949 3109 995 3156 in
1021 3109 1184 3173 Regno
1204 3110 1411 3158 naturali:
1446 3110 1538 3172 ipsa
1558 3111 1814 3175 conjunctio
1832 3127 1913 3175 per
1934 3111 2345 3173 correspondentias
2388 3141 2390 3144 ψ

377 3174 475 3224 talis
494 3172 559 3222 est
580 3189 634 3223 ex
654 3173 905 3233 creatione3
939 3173 1044 3222 inde
1063 3189 1183 3225 nunc
1206 3174 1271 3225 est
1288 3174 1561 3288 cotlrzfociatio
1580 3192 1687 3226 curn
1706 3178 1874 3241 angelis
1891 3193 1972 3243 per
1992 3179 2253 3303 Verbum.Q
2317 3235 2347 3285 d

2111 3245 2183 3292 68.
2256 3252 2314 3285 uo
