<?xml version="1.0" encoding="UTF-8"?>
<!DOCTYPE html PUBLIC "-//W3C//DTD XHTML 1.0 Transitional//EN"
    "http://www.w3.org/TR/xhtml1/DTD/xhtml1-transitional.dtd">
<html xmlns="http://www.w3.org/1999/xhtml" xml:lang="en" lang="en">
 <head>
  <title>
</title>
<meta http-equiv="Content-Type" content="text/html;charset=utf-8" />
  <meta name='ocr-system' content='tesseract 3.04.00' />
  <meta name='ocr-capabilities' content='ocr_page ocr_carea ocr_par ocr_line ocrx_word'/>
</head>
<body>
  <div class='ocr_page' id='page_1' title='image "./denovahierosolym00sweduoft_0473.png"; bbox 0 0 2632 3516; ppageno 0'>
   <div class='ocr_carea' id='block_1_1' title="bbox 940 254 2369 327">
    <p class='ocr_par' dir='ltr' id='par_1_1' title="bbox 940 254 2369 327">
     <span class='ocr_line' id='line_1_1' title="bbox 940 254 2369 327; baseline -0.003 -11"><span class='ocrx_word' id='word_1_1' title='bbox 940 254 1828 317; x_wconf 84' lang='lat' dir='ltr'><strong>DEFIDE.</strong></span> <span class='ocrx_word' id='word_1_2' title='bbox 2334 275 2369 327; x_wconf 89' lang='lat'><em>7</em></span> 
     </span>
    </p>
   </div>
   <div class='ocr_carea' id='block_1_2' title="bbox 397 379 2381 906">
    <p class='ocr_par' dir='ltr' id='par_1_2' title="bbox 397 379 2381 906">
     <span class='ocr_line' id='line_1_2' title="bbox 398 379 2372 461; baseline -0.004 -20"><span class='ocrx_word' id='word_1_3' title='bbox 398 388 556 441; x_wconf 85' lang='lat' dir='ltr'>Corin</span> <span class='ocrx_word' id='word_1_4' title='bbox 579 383 769 461; x_wconf 69' lang='lat' dir='ltr'>Verbo,</span> <span class='ocrx_word' id='word_1_5' title='bbox 802 395 858 434; x_wconf 83' lang='lat' dir='ltr'>ac</span> <span class='ocrx_word' id='word_1_6' title='bbox 883 383 1129 461; x_wconf 70' lang='lat' dir='ltr'>intellec‘ius</span> <span class='ocrx_word' id='word_1_7' title='bbox 1147 384 1200 435; x_wconf 75' lang='grc' dir='ltr'><strong>ἅ</strong></span> <span class='ocrx_word' id='word_1_8' title='bbox 1220 384 1314 460; x_wconf 65' lang='lat'>21⁶⁰?</span> <span class='ocrx_word' id='word_1_9' title='bbox 1332 382 1550 448; x_wconf 80' lang='lat' dir='ltr'>cogitatio</span> <span class='ocrx_word' id='word_1_10' title='bbox 1573 379 1657 447; x_wconf 74' lang='lat' dir='ltr'>per‘</span> <span class='ocrx_word' id='word_1_11' title='bbox 1674 381 1889 457; x_wconf 76' lang='lat' dir='ltr'>Animam</span> <span class='ocrx_word' id='word_1_12' title='bbox 1908 381 1954 431; x_wconf 90' lang='lat' dir='ltr'>in</span> <span class='ocrx_word' id='word_1_13' title='bbox 1974 381 2164 440; x_wconf 87' lang='lat' dir='ltr'>Verbo,</span> <span class='ocrx_word' id='word_1_14' title='bbox 2189 380 2241 433; x_wconf 78' lang='grc' dir='ltr'>δι</span> <span class='ocrx_word' id='word_1_15' title='bbox 2261 397 2372 459; x_wconf 71' lang='lat' dir='ltr'>quo-</span> 
     </span>
     <span class='ocr_line' id='line_1_3' title="bbox 398 446 2373 582; baseline 0.002 -14"><span class='ocrx_word' id='word_1_16' title='bbox 398 453 858 582; x_wconf 54' lang='lat' dir='ltr'>ffipffifuffffia</span> <span class='ocrx_word' id='word_1_17' title='bbox 876 451 1433 581; x_wconf 50' lang='lat' dir='ltr'>Qififfiffiaffl</span> <span class='ocrx_word' id='word_1_18' title='bbox 1441 446 1838 576; x_wconf 53' lang='lat' dir='ltr'>{fibffiez‘ssfilssffi</span> <span class='ocrx_word' id='word_1_19' title='bbox 1861 463 2097 575; x_wconf 54' lang='lat'>{3332</span> <span class='ocrx_word' id='word_1_20' title='bbox 2115 459 2373 578; x_wconf 54' lang='grc' dir='ltr'><strong>ἓξέωςωὲ</strong></span> 
     </span>
     <span class='ocr_line' id='line_1_4' title="bbox 397 576 2370 646; baseline -0.003 -13"><span class='ocrx_word' id='word_1_21' title='bbox 397 583 512 634; x_wconf 70' lang='lat' dir='ltr'>fides</span> <span class='ocrx_word' id='word_1_22' title='bbox 532 582 697 646; x_wconf 83' lang='lat' dir='ltr'>absque</span> <span class='ocrx_word' id='word_1_23' title='bbox 718 581 965 642; x_wconf 71' lang='lat' dir='ltr'>charitate,</span> <span class='ocrx_word' id='word_1_24' title='bbox 999 597 1084 630; x_wconf 90' lang='lat' dir='ltr'>nec</span> <span class='ocrx_word' id='word_1_25' title='bbox 1103 580 1296 630; x_wconf 81' lang='lat' dir='ltr'>charitas</span> <span class='ocrx_word' id='word_1_26' title='bbox 1317 578 1479 640; x_wconf 81' lang='lat' dir='ltr'>absque</span> <span class='ocrx_word' id='word_1_27' title='bbox 1499 578 1591 626; x_wconf 84' lang='lat' dir='ltr'>fide</span> <span class='ocrx_word' id='word_1_28' title='bbox 1604 612 1621 635; x_wconf 92' lang='lat'>,</span> <span class='ocrx_word' id='word_1_29' title='bbox 1654 576 1703 626; x_wconf 76' lang='grc' dir='ltr'>ἃ</span> <span class='ocrx_word' id='word_1_30' title='bbox 1726 577 1848 640; x_wconf 86' lang='lat' dir='ltr'>quod</span> <span class='ocrx_word' id='word_1_31' title='bbox 1872 577 1986 626; x_wconf 73' lang='lat' dir='ltr'>fides</span> <span class='ocrx_word' id='word_1_32' title='bbox 2004 577 2168 642; x_wconf 81' lang='lat' dir='ltr'>absque</span> <span class='ocrx_word' id='word_1_33' title='bbox 2181 578 2370 628; x_wconf 75' lang='lat' dir='ltr'>charita·</span> 
     </span>
     <span class='ocr_line' id='line_1_5' title="bbox 398 642 2374 717; baseline -0.002 -19"><span class='ocrx_word' id='word_1_34' title='bbox 398 661 476 709; x_wconf 85' lang='lat' dir='ltr'>te,</span> <span class='ocrx_word' id='word_1_35' title='bbox 506 647 562 698; x_wconf 79' lang='lat' dir='ltr'>fit</span> <span class='ocrx_word' id='word_1_36' title='bbox 591 646 702 696; x_wconf 85' lang='lat' dir='ltr'>ficut</span> <span class='ocrx_word' id='word_1_37' title='bbox 733 648 990 711; x_wconf 85' lang='lat' dir='ltr'>Respiratio</span> <span class='ocrx_word' id='word_1_38' title='bbox 1018 646 1287 708; x_wconf 80' lang='lat' dir='ltr'>pulmonaris</span> <span class='ocrx_word' id='word_1_39' title='bbox 1313 643 1478 708; x_wconf 88' lang='lat' dir='ltr'>absque</span> <span class='ocrx_word' id='word_1_40' title='bbox 1506 642 1671 699; x_wconf 83' lang='lat' dir='ltr'>corde,</span> <span class='ocrx_word' id='word_1_41' title='bbox 1688 657 1807 717; x_wconf 36' lang='lat' dir='ltr'>‘quae</span> <span class='ocrx_word' id='word_1_42' title='bbox 1822 657 1914 692; x_wconf 83' lang='lat' dir='ltr'>non</span> <span class='ocrx_word' id='word_1_43' title='bbox 1937 643 2035 691; x_wconf 83' lang='lat' dir='ltr'>dari</span> <span class='ocrx_word' id='word_1_44' title='bbox 2055 642 2204 706; x_wconf 80' lang='lat' dir='ltr'>potest</span> <span class='ocrx_word' id='word_1_45' title='bbox 2223 645 2270 692; x_wconf 91' lang='lat' dir='ltr'>in</span> <span class='ocrx_word' id='word_1_46' title='bbox 2294 645 2374 694; x_wconf 83' lang='lat' dir='ltr'>ali·</span> 
     </span>
     <span class='ocr_line' id='line_1_6' title="bbox 399 706 2381 824; baseline -0.005 -62"><span class='ocrx_word' id='word_1_47' title='bbox 399 729 490 779; x_wconf 82' lang='lat' dir='ltr'>quo</span> <span class='ocrx_word' id='word_1_48' title='bbox 522 712 659 770; x_wconf 86' lang='lat' dir='ltr'>vivo,</span> <span class='ocrx_word' id='word_1_49' title='bbox 690 710 771 760; x_wconf 89' lang='lat' dir='ltr'>sed</span> <span class='ocrx_word' id='word_1_50' title='bbox 806 712 945 761; x_wconf 84' lang='lat' dir='ltr'>solum</span> <span class='ocrx_word' id='word_1_51' title='bbox 980 712 1028 760; x_wconf 85' lang='lat' dir='ltr'>in</span> <span class='ocrx_word' id='word_1_52' title='bbox 1066 722 1328 787; x_wconf 78' lang='lat' dir='ltr'>avtomato,</span> <span class='ocrx_word' id='word_1_53' title='bbox 1359 708 1560 784; x_wconf 58' lang='lat' dir='ltr'>§equod</span> <span class='ocrx_word' id='word_1_54' title='bbox 1578 708 1772 799; x_wconf 70' lang='lat' dir='ltr'>charitas</span> <span class='ocrx_word' id='word_1_55' title='bbox 1793 706 1957 819; x_wconf 51' lang='lat' dir='ltr'>abfsque</span> <span class='ocrx_word' id='word_1_56' title='bbox 1978 707 2075 819; x_wconf 59' lang='lat' dir='ltr'>figeer</span> <span class='ocrx_word' id='word_1_57' title='bbox 2089 707 2141 755; x_wconf 84' lang='lat' dir='ltr'>fit</span> <span class='ocrx_word' id='word_1_58' title='bbox 2151 707 2381 824; x_wconf 50' lang='grc' dir='ltr'>ἔὲςὲηςζέι·</span> 
     </span>
     <span class='ocr_line' id='line_1_7' title="bbox 397 772 2374 906; baseline -0.004 -13"><span class='ocrx_word' id='word_1_59' title='bbox 397 778 812 906; x_wconf 50' lang='lat' dir='ltr'>zssfiioess‘ffissssss</span> <span class='ocrx_word' id='word_1_60' title='bbox 825 775 1321 905; x_wconf 55' lang='grc' dir='ltr'>οΐεὲῗὲἒὲἓιῖῗῖῑᾬῖ</span> <span class='ocrx_word' id='word_1_61' title='bbox 1338 772 2158 902; x_wconf 47' lang='grc' dir='ltr'>ἓῗῖῗέῖῗῖἒὲἑῐιεὶἳῖἕυῖῗ“π·εὲέ</span> <span class='ocrx_word' id='word_1_62' title='bbox 2178 835 2374 887; x_wconf 37' lang='lat' dir='ltr'>aarum*</span> 
     </span>
    </p>
   </div>
   <div class='ocr_carea' id='block_1_3' title="bbox 398 899 2487 962">
    <p class='ocr_par' dir='ltr' id='par_1_3' title="bbox 398 899 2487 962">
     <span class='ocr_line' id='line_1_8' title="bbox 398 899 2487 962; baseline -0.003 -4"><span class='ocrx_word' id='word_1_63' title='bbox 398 909 461 958; x_wconf 92' lang='lat' dir='ltr'>do</span> <span class='ocrx_word' id='word_1_64' title='bbox 490 907 727 958; x_wconf 77' lang='lat' dir='ltr'>intercedit</span> <span class='ocrx_word' id='word_1_65' title='bbox 759 907 874 956; x_wconf 87' lang='lat' dir='ltr'>inter</span> <span class='ocrx_word' id='word_1_66' title='bbox 903 909 994 955; x_wconf 91' lang='lat' dir='ltr'>Cor</span> <span class='ocrx_word' id='word_1_67' title='bbox 1015 905 1068 955; x_wconf 72' lang='grc' dir='ltr'>ἀ</span> <span class='ocrx_word' id='word_1_68' title='bbox 1099 906 1399 962; x_wconf 78' lang='lat' dir='ltr'>charitatem,</span> <span class='ocrx_word' id='word_1_69' title='bbox 1432 919 1489 953; x_wconf 91' lang='lat' dir='ltr'>ac</span> <span class='ocrx_word' id='word_1_70' title='bbox 1514 905 1629 952; x_wconf 88' lang='lat' dir='ltr'>inter</span> <span class='ocrx_word' id='word_1_71' title='bbox 1658 904 1920 951; x_wconf 89' lang='lat' dir='ltr'>Pulmonem</span> <span class='ocrx_word' id='word_1_72' title='bbox 1951 899 2004 950; x_wconf 69' lang='grc' dir='ltr'><strong>ἃ</strong></span> <span class='ocrx_word' id='word_1_73' title='bbox 2038 903 2223 962; x_wconf 83' lang='lat' dir='ltr'>Fidem,</span> <span class='ocrx_word' id='word_1_74' title='bbox 2256 904 2379 952; x_wconf 78' lang='lat' dir='ltr'>utin</span> <span class='ocrx_word' id='word_1_75' title='bbox 2484 920 2487 921; x_wconf 44' lang='lat'><em>⁷</em></span> 
     </span>
    </p>
   </div>
   <div class='ocr_carea' id='block_1_4' title="bbox 391 962 2415 2389">
    <p class='ocr_par' dir='ltr' id='par_1_4' title="bbox 398 962 2379 1231">
     <span class='ocr_line' id='line_1_9' title="bbox 398 962 2375 1037; baseline -0.003 -13"><span class='ocrx_word' id='word_1_76' title='bbox 398 972 583 1024; x_wconf 88' lang='lat' dir='ltr'>Mundo</span> <span class='ocrx_word' id='word_1_77' title='bbox 612 971 822 1037; x_wconf 83' lang='lat' dir='ltr'>spirituali</span> <span class='ocrx_word' id='word_1_78' title='bbox 852 971 1034 1036; x_wconf 88' lang='lat' dir='ltr'>quisque</span> <span class='ocrx_word' id='word_1_79' title='bbox 1059 971 1264 1020; x_wconf 86' lang='lat' dir='ltr'>noscatur</span> <span class='ocrx_word' id='word_1_80' title='bbox 1280 985 1338 1019; x_wconf 86' lang='lat' dir='ltr'>ex</span> <span class='ocrx_word' id='word_1_81' title='bbox 1364 969 1451 1018; x_wconf 70' lang='lat' dir='ltr'>sola</span> <span class='ocrx_word' id='word_1_82' title='bbox 1472 968 1813 1032; x_wconf 84' lang='lat' dir='ltr'>Respiratione,</span> <span class='ocrx_word' id='word_1_83' title='bbox 1843 967 1983 1029; x_wconf 86' lang='lat' dir='ltr'>qualis</span> <span class='ocrx_word' id='word_1_84' title='bbox 2001 966 2046 1015; x_wconf 86' lang='lat' dir='ltr'>ei</span> <span class='ocrx_word' id='word_1_85' title='bbox 2068 962 2178 1016; x_wconf 77' lang='lat' dir='ltr'>fides</span> <span class='ocrx_word' id='word_1_86' title='bbox 2196 965 2290 1028; x_wconf 84' lang='lat' dir='ltr'>est,</span> <span class='ocrx_word' id='word_1_87' title='bbox 2322 967 2375 1018; x_wconf 75' lang='grc' dir='ltr'>δι</span> 
     </span>
     <span class='ocr_line' id='line_1_10' title="bbox 400 1031 2377 1100; baseline -0.003 -11"><span class='ocrx_word' id='word_1_88' title='bbox 400 1054 457 1090; x_wconf 82' lang='lat' dir='ltr'>ex</span> <span class='ocrx_word' id='word_1_89' title='bbox 488 1037 615 1087; x_wconf 91' lang='lat' dir='ltr'>Pulsu</span> <span class='ocrx_word' id='word_1_90' title='bbox 641 1037 789 1087; x_wconf 82' lang='lat' dir='ltr'>cordis</span> <span class='ocrx_word' id='word_1_91' title='bbox 808 1037 950 1100; x_wconf 87' lang='lat' dir='ltr'>qualis</span> <span class='ocrx_word' id='word_1_92' title='bbox 974 1039 1016 1085; x_wconf 88' lang='lat' dir='ltr'>ei</span> <span class='ocrx_word' id='word_1_93' title='bbox 1035 1036 1227 1085; x_wconf 69' lang='lat' dir='ltr'>charitas</span> <span class='ocrx_word' id='word_1_94' title='bbox 1252 1034 1339 1084; x_wconf 83' lang='lat' dir='ltr'>est:</span> <span class='ocrx_word' id='word_1_95' title='bbox 1376 1033 1521 1098; x_wconf 83' lang='lat' dir='ltr'><strong>angeli</strong></span> <span class='ocrx_word' id='word_1_96' title='bbox 1541 1035 1664 1083; x_wconf 86' lang='lat' dir='ltr'>enim</span> <span class='ocrx_word' id='word_1_97' title='bbox 1684 1031 1736 1082; x_wconf 88' lang='lat'>&amp;</span> <span class='ocrx_word' id='word_1_98' title='bbox 1755 1032 1930 1097; x_wconf 87' lang='lat' dir='ltr'>spiritus</span> <span class='ocrx_word' id='word_1_99' title='bbox 1953 1047 2079 1095; x_wconf 87' lang='lat' dir='ltr'>aeque</span> <span class='ocrx_word' id='word_1_100' title='bbox 2097 1048 2153 1082; x_wconf 89' lang='lat' dir='ltr'>ac</span> <span class='ocrx_word' id='word_1_101' title='bbox 2174 1033 2377 1084; x_wconf 75' lang='lat' dir='ltr'>homines</span> 
     </span>
     <span class='ocr_line' id='line_1_11' title="bbox 399 1098 2379 1164; baseline -0.002 -12"><span class='ocrx_word' id='word_1_102' title='bbox 399 1102 560 1152; x_wconf 82' lang='lat' dir='ltr'>vivunt</span> <span class='ocrx_word' id='word_1_103' title='bbox 583 1101 722 1152; x_wconf 89' lang='lat' dir='ltr'>corde</span> <span class='ocrx_word' id='word_1_104' title='bbox 740 1101 791 1151; x_wconf 72' lang='grc' dir='ltr'>ἃ</span> <span class='ocrx_word' id='word_1_105' title='bbox 811 1101 1098 1164; x_wconf 79' lang='lat' dir='ltr'>respiratione</span> <span class='ocrx_word' id='word_1_106' title='bbox 1119 1117 1136 1159; x_wconf 89' lang='lat'>;</span> <span class='ocrx_word' id='word_1_107' title='bbox 1165 1100 1270 1149; x_wconf 85' lang='lat' dir='ltr'>inde</span> <span class='ocrx_word' id='word_1_108' title='bbox 1292 1099 1357 1148; x_wconf 90' lang='lat' dir='ltr'>est</span> <span class='ocrx_word' id='word_1_109' title='bbox 1377 1100 1496 1164; x_wconf 90' lang='lat' dir='ltr'>quod</span> <span class='ocrx_word' id='word_1_110' title='bbox 1516 1099 1578 1148; x_wconf 86' lang='lat' dir='ltr'>illi</span> <span class='ocrx_word' id='word_1_111' title='bbox 1601 1099 1800 1148; x_wconf 72' lang='lat' dir='ltr'>similiter</span> <span class='ocrx_word' id='word_1_112' title='bbox 1823 1113 1878 1148; x_wconf 90' lang='lat' dir='ltr'>ac</span> <span class='ocrx_word' id='word_1_113' title='bbox 1900 1098 2104 1148; x_wconf 77' lang='lat' dir='ltr'>homines</span> <span class='ocrx_word' id='word_1_114' title='bbox 2134 1099 2180 1147; x_wconf 84' lang='lat' dir='ltr'>in</span> <span class='ocrx_word' id='word_1_115' title='bbox 2204 1099 2379 1149; x_wconf 80' lang='lat' dir='ltr'>mundo-</span> 
     </span>
     <span class='ocr_line' id='line_1_12' title="bbox 399 1164 1396 1231; baseline -0.004 -15"><span class='ocrx_word' id='word_1_116' title='bbox 399 1167 616 1225; x_wconf 87' lang='lat' dir='ltr'>sentiant,</span> <span class='ocrx_word' id='word_1_117' title='bbox 651 1167 886 1230; x_wconf 89' lang='lat' dir='ltr'>cogitent,</span> <span class='ocrx_word' id='word_1_118' title='bbox 921 1178 1056 1231; x_wconf 89' lang='lat' dir='ltr'>agant</span> <span class='ocrx_word' id='word_1_119' title='bbox 1079 1164 1129 1214; x_wconf 88' lang='lat'>&amp;</span> <span class='ocrx_word' id='word_1_120' title='bbox 1146 1166 1396 1229; x_wconf 89' lang='lat' dir='ltr'>loquantur.</span> 
     </span>
    </p>

    <p class='ocr_par' dir='ltr' id='par_1_5' title="bbox 396 1227 2377 1876">
     <span class='ocr_line' id='line_1_13' title="bbox 465 1227 2371 1342; baseline -0.001 -62"><span class='ocrx_word' id='word_1_121' title='bbox 465 1246 544 1280; x_wconf 85' lang='lat'>20.</span> <span class='ocrx_word' id='word_1_122' title='bbox 577 1231 700 1298; x_wconf 83' lang='lat' dir='ltr'>Quia</span> <span class='ocrx_word' id='word_1_123' title='bbox 730 1231 935 1280; x_wconf 86' lang='lat' dir='ltr'>Charitas</span> <span class='ocrx_word' id='word_1_124' title='bbox 965 1229 1032 1280; x_wconf 90' lang='lat' dir='ltr'>est</span> <span class='ocrx_word' id='word_1_125' title='bbox 1063 1245 1191 1279; x_wconf 87' lang='lat' dir='ltr'>amor</span> <span class='ocrx_word' id='word_1_126' title='bbox 1210 1246 1317 1293; x_wconf 85' lang='lat' dir='ltr'>erga</span> <span class='ocrx_word' id='word_1_127' title='bbox 1335 1230 1618 1292; x_wconf 83' lang='lat' dir='ltr'>proximum,</span> <span class='ocrx_word' id='word_1_128' title='bbox 1651 1227 1826 1278; x_wconf 81' lang='lat' dir='ltr'>dicetur</span> <span class='ocrx_word' id='word_1_129' title='bbox 1848 1229 1986 1278; x_wconf 89' lang='lat' dir='ltr'>etiam</span> <span class='ocrx_word' id='word_1_130' title='bbox 2000 1229 2110 1342; x_wconf 60' lang='lat' dir='ltr'>3uid</span> <span class='ocrx_word' id='word_1_131' title='bbox 2132 1230 2371 1293; x_wconf 80' lang='lat' dir='ltr'>proximus.</span> 
     </span>
     <span class='ocr_line' id='line_1_14' title="bbox 398 1291 2373 1357; baseline 0 -13"><span class='ocrx_word' id='word_1_132' title='bbox 398 1297 627 1346; x_wconf 87' lang='lat' dir='ltr'>Proximus</span> <span class='ocrx_word' id='word_1_133' title='bbox 656 1297 702 1344; x_wconf 94' lang='lat' dir='ltr'>in</span> <span class='ocrx_word' id='word_1_134' title='bbox 737 1297 920 1345; x_wconf 88' lang='lat' dir='ltr'>naturali</span> <span class='ocrx_word' id='word_1_135' title='bbox 955 1295 1075 1344; x_wconf 86' lang='lat' dir='ltr'>sensu</span> <span class='ocrx_word' id='word_1_136' title='bbox 1109 1294 1174 1343; x_wconf 89' lang='lat' dir='ltr'>est</span> <span class='ocrx_word' id='word_1_137' title='bbox 1205 1293 1344 1343; x_wconf 89' lang='lat' dir='ltr'>homo</span> <span class='ocrx_word' id='word_1_138' title='bbox 1373 1296 1419 1342; x_wconf 91' lang='lat' dir='ltr'>in</span> <span class='ocrx_word' id='word_1_139' title='bbox 1442 1291 1693 1357; x_wconf 68' lang='lat' dir='ltr'>composito</span> <span class='ocrx_word' id='word_1_140' title='bbox 1716 1292 1767 1343; x_wconf 75' lang='grc' dir='ltr'>ἀ</span> <span class='ocrx_word' id='word_1_141' title='bbox 1787 1294 1834 1342; x_wconf 87' lang='lat' dir='ltr'>in</span> <span class='ocrx_word' id='word_1_142' title='bbox 1858 1293 1998 1343; x_wconf 88' lang='lat' dir='ltr'>indivi</span> <span class='ocrx_word' id='word_1_143' title='bbox 2031 1310 2113 1344; x_wconf 87' lang='lat' dir='ltr'>uo:</span> <span class='ocrx_word' id='word_1_144' title='bbox 2149 1296 2307 1344; x_wconf 83' lang='lat' dir='ltr'>Homo</span> <span class='ocrx_word' id='word_1_145' title='bbox 2327 1297 2373 1344; x_wconf 87' lang='lat' dir='ltr'>in</span> 
     </span>
     <span class='ocr_line' id='line_1_15' title="bbox 399 1357 2373 1425; baseline -0.001 -14"><span class='ocrx_word' id='word_1_146' title='bbox 399 1360 650 1425; x_wconf 87' lang='lat' dir='ltr'>compofito</span> <span class='ocrx_word' id='word_1_147' title='bbox 679 1359 744 1408; x_wconf 90' lang='lat' dir='ltr'>est</span> <span class='ocrx_word' id='word_1_148' title='bbox 774 1360 1000 1419; x_wconf 72' lang='lat' dir='ltr'>Ecclesia,</span> <span class='ocrx_word' id='word_1_149' title='bbox 1035 1360 1206 1418; x_wconf 81' lang='lat' dir='ltr'>Patria,</span> <span class='ocrx_word' id='word_1_150' title='bbox 1241 1358 1291 1408; x_wconf 78' lang='grc' dir='ltr'>δι</span> <span class='ocrx_word' id='word_1_151' title='bbox 1311 1359 1541 1418; x_wconf 77' lang='lat' dir='ltr'>Societas;</span> <span class='ocrx_word' id='word_1_152' title='bbox 1575 1357 1625 1408; x_wconf 74' lang='grc' dir='ltr'>ἀ</span> <span class='ocrx_word' id='word_1_153' title='bbox 1649 1359 1790 1407; x_wconf 86' lang='lat' dir='ltr'>homo</span> <span class='ocrx_word' id='word_1_154' title='bbox 1811 1357 1858 1407; x_wconf 90' lang='lat' dir='ltr'>in</span> <span class='ocrx_word' id='word_1_155' title='bbox 1877 1359 2111 1408; x_wconf 82' lang='lat' dir='ltr'>individuo</span> <span class='ocrx_word' id='word_1_156' title='bbox 2136 1359 2204 1409; x_wconf 84' lang='lat' dir='ltr'>est</span> <span class='ocrx_word' id='word_1_157' title='bbox 2220 1362 2373 1411; x_wconf 87' lang='lat' dir='ltr'>conci-</span> 
     </span>
     <span class='ocr_line' id='line_1_16' title="bbox 398 1422 2372 1488; baseline 0.001 -14"><span class='ocrx_word' id='word_1_158' title='bbox 398 1426 493 1485; x_wconf 84' lang='lat' dir='ltr'>vis,</span> <span class='ocrx_word' id='word_1_159' title='bbox 527 1425 601 1488; x_wconf 92' lang='lat' dir='ltr'>qui</span> <span class='ocrx_word' id='word_1_160' title='bbox 627 1425 672 1474; x_wconf 88' lang='lat' dir='ltr'>in</span> <span class='ocrx_word' id='word_1_161' title='bbox 695 1422 858 1474; x_wconf 85' lang='lat' dir='ltr'>Verbo</span> <span class='ocrx_word' id='word_1_162' title='bbox 884 1437 1075 1474; x_wconf 87' lang='lat' dir='ltr'>vocatur</span> <span class='ocrx_word' id='word_1_163' title='bbox 1098 1423 1237 1472; x_wconf 89' lang='lat' dir='ltr'>frater</span> <span class='ocrx_word' id='word_1_164' title='bbox 1258 1424 1310 1473; x_wconf 67' lang='grc' dir='ltr'>ὅ(</span> <span class='ocrx_word' id='word_1_165' title='bbox 1336 1424 1490 1472; x_wconf 84' lang='lat' dir='ltr'>socius.</span> <span class='ocrx_word' id='word_1_166' title='bbox 1527 1427 1591 1471; x_wconf 87' lang='lat' dir='ltr'>At</span> <span class='ocrx_word' id='word_1_167' title='bbox 1615 1424 1845 1472; x_wconf 83' lang='lat' dir='ltr'>Proximus</span> <span class='ocrx_word' id='word_1_168' title='bbox 1870 1424 1918 1471; x_wconf 88' lang='lat' dir='ltr'>in</span> <span class='ocrx_word' id='word_1_169' title='bbox 1937 1424 2147 1486; x_wconf 86' lang='lat' dir='ltr'>spirituali</span> <span class='ocrx_word' id='word_1_170' title='bbox 2170 1425 2292 1474; x_wconf 88' lang='lat' dir='ltr'>sensu</span> <span class='ocrx_word' id='word_1_171' title='bbox 2307 1426 2372 1475; x_wconf 89' lang='lat' dir='ltr'>est</span> 
     </span>
     <span class='ocr_line' id='line_1_17' title="bbox 398 1487 2377 1556; baseline 0.001 -17"><span class='ocrx_word' id='word_1_172' title='bbox 398 1492 594 1549; x_wconf 84' lang='lat' dir='ltr'>bonum,</span> <span class='ocrx_word' id='word_1_173' title='bbox 628 1489 679 1538; x_wconf 76' lang='grc' dir='ltr'>δι</span> <span class='ocrx_word' id='word_1_174' title='bbox 705 1491 808 1553; x_wconf 83' lang='lat' dir='ltr'>quia</span> <span class='ocrx_word' id='word_1_175' title='bbox 837 1489 935 1538; x_wconf 90' lang='lat' dir='ltr'>usus</span> <span class='ocrx_word' id='word_1_176' title='bbox 962 1489 1029 1538; x_wconf 88' lang='lat' dir='ltr'>est</span> <span class='ocrx_word' id='word_1_177' title='bbox 1057 1491 1251 1545; x_wconf 82' lang='lat' dir='ltr'>bonum,</span> <span class='ocrx_word' id='word_1_178' title='bbox 1285 1487 1351 1537; x_wconf 89' lang='lat' dir='ltr'>est</span> <span class='ocrx_word' id='word_1_179' title='bbox 1382 1489 1606 1550; x_wconf 78' lang='lat' dir='ltr'>proximus</span> <span class='ocrx_word' id='word_1_180' title='bbox 1632 1488 1678 1536; x_wconf 88' lang='lat' dir='ltr'>in</span> <span class='ocrx_word' id='word_1_181' title='bbox 1712 1487 1923 1550; x_wconf 83' lang='lat' dir='ltr'>spirituali</span> <span class='ocrx_word' id='word_1_182' title='bbox 1946 1487 2068 1536; x_wconf 89' lang='lat' dir='ltr'>sensu</span> <span class='ocrx_word' id='word_1_183' title='bbox 2088 1489 2200 1537; x_wconf 83' lang='lat' dir='ltr'>usus.</span> <span class='ocrx_word' id='word_1_184' title='bbox 2235 1491 2377 1556; x_wconf 88' lang='lat' dir='ltr'>Quod-</span> 
     </span>
     <span class='ocr_line' id='line_1_18' title="bbox 398 1553 2373 1618; baseline 0.001 -14"><span class='ocrx_word' id='word_1_185' title='bbox 398 1556 495 1604; x_wconf 87' lang='lat' dir='ltr'>usus</span> <span class='ocrx_word' id='word_1_186' title='bbox 513 1555 566 1603; x_wconf 84' lang='lat' dir='ltr'>fit</span> <span class='ocrx_word' id='word_1_187' title='bbox 592 1554 822 1617; x_wconf 87' lang='lat' dir='ltr'>spiritualis</span> <span class='ocrx_word' id='word_1_188' title='bbox 844 1555 1097 1618; x_wconf 82' lang='lat' dir='ltr'>proximus,</span> <span class='ocrx_word' id='word_1_189' title='bbox 1130 1553 1312 1618; x_wconf 84' lang='lat' dir='ltr'>quisque</span> <span class='ocrx_word' id='word_1_190' title='bbox 1334 1555 1570 1617; x_wconf 87' lang='lat' dir='ltr'>agnoscet;</span> <span class='ocrx_word' id='word_1_191' title='bbox 1591 1554 1685 1616; x_wconf 76' lang='lat' dir='ltr'>quis</span> <span class='ocrx_word' id='word_1_192' title='bbox 1707 1553 1826 1601; x_wconf 86' lang='lat' dir='ltr'>enim</span> <span class='ocrx_word' id='word_1_193' title='bbox 1849 1566 1968 1600; x_wconf 85' lang='lat' dir='ltr'>amat</span> <span class='ocrx_word' id='word_1_194' title='bbox 1990 1553 2220 1602; x_wconf 86' lang='lat' dir='ltr'>hominem</span> <span class='ocrx_word' id='word_1_195' title='bbox 2235 1557 2373 1605; x_wconf 88' lang='lat' dir='ltr'>solum</span> 
     </span>
     <span class='ocr_line' id='line_1_19' title="bbox 398 1617 2374 1682; baseline 0.001 -14"><span class='ocrx_word' id='word_1_196' title='bbox 398 1632 448 1668; x_wconf 90' lang='lat' dir='ltr'>ut</span> <span class='ocrx_word' id='word_1_197' title='bbox 472 1619 731 1681; x_wconf 86' lang='lat' dir='ltr'>personam,</span> <span class='ocrx_word' id='word_1_198' title='bbox 764 1618 840 1666; x_wconf 91' lang='lat' dir='ltr'>sed</span> <span class='ocrx_word' id='word_1_199' title='bbox 869 1631 991 1667; x_wconf 88' lang='lat' dir='ltr'>amat</span> <span class='ocrx_word' id='word_1_200' title='bbox 1018 1619 1146 1666; x_wconf 84' lang='lat' dir='ltr'>inum</span> <span class='ocrx_word' id='word_1_201' title='bbox 1170 1633 1228 1668; x_wconf 85' lang='lat' dir='ltr'>ex</span> <span class='ocrx_word' id='word_1_202' title='bbox 1264 1635 1320 1667; x_wconf 86' lang='lat' dir='ltr'>eo</span> <span class='ocrx_word' id='word_1_203' title='bbox 1350 1619 1469 1682; x_wconf 90' lang='lat' dir='ltr'>quod</span> <span class='ocrx_word' id='word_1_204' title='bbox 1500 1620 1545 1667; x_wconf 88' lang='lat' dir='ltr'>in</span> <span class='ocrx_word' id='word_1_205' title='bbox 1566 1620 1641 1667; x_wconf 84' lang='lat' dir='ltr'>illo</span> <span class='ocrx_word' id='word_1_206' title='bbox 1659 1617 1751 1675; x_wconf 79' lang='lat' dir='ltr'>est,</span> <span class='ocrx_word' id='word_1_207' title='bbox 1790 1633 1845 1665; x_wconf 84' lang='lat' dir='ltr'>ex</span> <span class='ocrx_word' id='word_1_208' title='bbox 1875 1633 1962 1680; x_wconf 88' lang='lat' dir='ltr'>quo</span> <span class='ocrx_word' id='word_1_209' title='bbox 1982 1617 2045 1665; x_wconf 83' lang='lat' dir='ltr'>est</span> <span class='ocrx_word' id='word_1_210' title='bbox 2070 1620 2198 1678; x_wconf 78' lang='lat' dir='ltr'>talis,</span> <span class='ocrx_word' id='word_1_211' title='bbox 2232 1621 2296 1669; x_wconf 84' lang='lat' dir='ltr'>ita</span> <span class='ocrx_word' id='word_1_212' title='bbox 2315 1637 2374 1670; x_wconf 80' lang='lat' dir='ltr'>ex</span> 
     </span>
     <span class='ocr_line' id='line_1_20' title="bbox 398 1681 2371 1749; baseline 0.001 -17"><span class='ocrx_word' id='word_1_213' title='bbox 398 1685 516 1749; x_wconf 88' lang='lat' dir='ltr'>quali</span> <span class='ocrx_word' id='word_1_214' title='bbox 534 1685 654 1747; x_wconf 86' lang='lat' dir='ltr'>ejus,</span> <span class='ocrx_word' id='word_1_215' title='bbox 688 1683 777 1732; x_wconf 88' lang='lat' dir='ltr'>hoc</span> <span class='ocrx_word' id='word_1_216' title='bbox 796 1698 990 1747; x_wconf 87' lang='lat' dir='ltr'>namque</span> <span class='ocrx_word' id='word_1_217' title='bbox 1013 1681 1079 1730; x_wconf 82' lang='lat' dir='ltr'>est</span> <span class='ocrx_word' id='word_1_218' title='bbox 1101 1683 1264 1732; x_wconf 88' lang='lat' dir='ltr'>homo:</span> <span class='ocrx_word' id='word_1_219' title='bbox 1299 1684 1390 1732; x_wconf 90' lang='lat' dir='ltr'>hoc</span> <span class='ocrx_word' id='word_1_220' title='bbox 1414 1685 1566 1745; x_wconf 88' lang='lat' dir='ltr'>quale,</span> <span class='ocrx_word' id='word_1_221' title='bbox 1603 1682 1723 1745; x_wconf 85' lang='lat' dir='ltr'>quod</span> <span class='ocrx_word' id='word_1_222' title='bbox 1743 1694 1940 1737; x_wconf 88' lang='lat' dir='ltr'>amatur,</span> <span class='ocrx_word' id='word_1_223' title='bbox 1977 1682 2042 1730; x_wconf 83' lang='lat' dir='ltr'>est</span> <span class='ocrx_word' id='word_1_224' title='bbox 2063 1683 2183 1743; x_wconf 87' lang='lat' dir='ltr'>usus,</span> <span class='ocrx_word' id='word_1_225' title='bbox 2217 1685 2267 1732; x_wconf 75' lang='grc' dir='ltr'>ἀ</span> <span class='ocrx_word' id='word_1_226' title='bbox 2288 1703 2371 1736; x_wconf 87' lang='lat' dir='ltr'>vo-</span> 
     </span>
     <span class='ocr_line' id='line_1_21' title="bbox 397 1745 2374 1813; baseline 0.002 -15"><span class='ocrx_word' id='word_1_227' title='bbox 397 1760 524 1799; x_wconf 86' lang='lat' dir='ltr'>catur</span> <span class='ocrx_word' id='word_1_228' title='bbox 556 1751 751 1806; x_wconf 85' lang='lat' dir='ltr'>bonum3</span> <span class='ocrx_word' id='word_1_229' title='bbox 782 1748 885 1797; x_wconf 88' lang='lat' dir='ltr'>inde</span> <span class='ocrx_word' id='word_1_230' title='bbox 913 1745 979 1797; x_wconf 80' lang='lat' dir='ltr'>est</span> <span class='ocrx_word' id='word_1_231' title='bbox 1002 1747 1091 1796; x_wconf 86' lang='lat' dir='ltr'>hoc</span> <span class='ocrx_word' id='word_1_232' title='bbox 1112 1749 1357 1796; x_wconf 81' lang='lat' dir='ltr'>Proximus.</span> <span class='ocrx_word' id='word_1_233' title='bbox 1392 1747 1512 1812; x_wconf 86' lang='lat' dir='ltr'>Quia</span> <span class='ocrx_word' id='word_1_234' title='bbox 1530 1748 1737 1795; x_wconf 81' lang='lat' dir='ltr'>Verbum</span> <span class='ocrx_word' id='word_1_235' title='bbox 1754 1746 1800 1796; x_wconf 91' lang='lat' dir='ltr'>in</span> <span class='ocrx_word' id='word_1_236' title='bbox 1824 1746 1917 1796; x_wconf 86' lang='lat' dir='ltr'>finu</span> <span class='ocrx_word' id='word_1_237' title='bbox 1938 1746 2015 1795; x_wconf 90' lang='lat' dir='ltr'>suo</span> <span class='ocrx_word' id='word_1_238' title='bbox 2034 1746 2101 1796; x_wconf 87' lang='lat' dir='ltr'>est</span> <span class='ocrx_word' id='word_1_239' title='bbox 2121 1748 2342 1812; x_wconf 86' lang='lat' dir='ltr'>spirituale</span> <span class='ocrx_word' id='word_1_240' title='bbox 2356 1788 2374 1813; x_wconf 85' lang='lat'>,</span> 
     </span>
     <span class='ocr_line' id='line_1_22' title="bbox 396 1811 1736 1876; baseline -0.004 -13"><span class='ocrx_word' id='word_1_241' title='bbox 396 1813 503 1863; x_wconf 73' lang='lat' dir='ltr'>idco</span> <span class='ocrx_word' id='word_1_242' title='bbox 523 1813 625 1862; x_wconf 90' lang='lat' dir='ltr'>illud</span> <span class='ocrx_word' id='word_1_243' title='bbox 650 1811 715 1861; x_wconf 90' lang='lat' dir='ltr'>est</span> <span class='ocrx_word' id='word_1_244' title='bbox 734 1827 886 1861; x_wconf 87' lang='lat' dir='ltr'>amare</span> <span class='ocrx_word' id='word_1_245' title='bbox 908 1813 1162 1876; x_wconf 77' lang='lat' dir='ltr'>proximum</span> <span class='ocrx_word' id='word_1_246' title='bbox 1185 1813 1231 1861; x_wconf 88' lang='lat' dir='ltr'>in</span> <span class='ocrx_word' id='word_1_247' title='bbox 1250 1812 1459 1874; x_wconf 85' lang='lat' dir='ltr'>spirituali</span> <span class='ocrx_word' id='word_1_248' title='bbox 1480 1812 1578 1875; x_wconf 85' lang='lat' dir='ltr'>ejus</span> <span class='ocrx_word' id='word_1_249' title='bbox 1599 1811 1736 1859; x_wconf 87' lang='lat' dir='ltr'>sensu.</span> 
     </span>
    </p>

    <p class='ocr_par' dir='ltr' id='par_1_6' title="bbox 391 1874 2415 2389">
     <span class='ocr_line' id='line_1_23' title="bbox 466 1874 2374 1942; baseline 0.002 -15"><span class='ocrx_word' id='word_1_250' title='bbox 466 1893 542 1927; x_wconf 83' lang='lat'>21.</span> <span class='ocrx_word' id='word_1_251' title='bbox 578 1876 671 1928; x_wconf 86' lang='lat' dir='ltr'>Sed</span> <span class='ocrx_word' id='word_1_252' title='bbox 692 1877 809 1926; x_wconf 74' lang='lat' dir='ltr'>aliud</span> <span class='ocrx_word' id='word_1_253' title='bbox 836 1876 902 1926; x_wconf 88' lang='lat' dir='ltr'>est</span> <span class='ocrx_word' id='word_1_254' title='bbox 919 1874 1072 1926; x_wconf 72' lang='lat' dir='ltr'>amare</span> <span class='ocrx_word' id='word_1_255' title='bbox 1090 1878 1343 1941; x_wconf 81' lang='lat' dir='ltr'>proximum</span> <span class='ocrx_word' id='word_1_256' title='bbox 1368 1884 1423 1926; x_wconf 70' lang='lat' dir='ltr'>ex</span> <span class='ocrx_word' id='word_1_257' title='bbox 1447 1878 1568 1925; x_wconf 88' lang='lat' dir='ltr'>bono</span> <span class='ocrx_word' id='word_1_258' title='bbox 1591 1888 1668 1925; x_wconf 84' lang='lat' dir='ltr'>aut</span> <span class='ocrx_word' id='word_1_259' title='bbox 1684 1875 1759 1924; x_wconf 85' lang='lat' dir='ltr'>usu</span> <span class='ocrx_word' id='word_1_260' title='bbox 1780 1875 1826 1925; x_wconf 89' lang='lat' dir='ltr'>in</span> <span class='ocrx_word' id='word_1_261' title='bbox 1846 1876 1924 1925; x_wconf 81' lang='lat' dir='ltr'>illo</span> <span class='ocrx_word' id='word_1_262' title='bbox 1946 1892 2052 1942; x_wconf 86' lang='lat' dir='ltr'>erga</span> <span class='ocrx_word' id='word_1_263' title='bbox 2073 1877 2117 1925; x_wconf 90' lang='lat' dir='ltr'>se</span> <span class='ocrx_word' id='word_1_264' title='bbox 2133 1914 2147 1936; x_wconf 96' lang='lat'>‚</span> <span class='ocrx_word' id='word_1_265' title='bbox 2179 1877 2231 1927; x_wconf 63' lang='lat' dir='ltr'>ez</span> <span class='ocrx_word' id='word_1_266' title='bbox 2254 1879 2374 1930; x_wconf 68' lang='lat' dir='ltr'>atiud</span> 
     </span>
     <span class='ocr_line' id='line_1_24' title="bbox 395 1940 2370 2005; baseline 0.002 -14"><span class='ocrx_word' id='word_1_267' title='bbox 395 1940 464 1991; x_wconf 80' lang='lat' dir='ltr'>est</span> <span class='ocrx_word' id='word_1_268' title='bbox 483 1957 636 1992; x_wconf 83' lang='lat' dir='ltr'>amare</span> <span class='ocrx_word' id='word_1_269' title='bbox 663 1943 918 2005; x_wconf 77' lang='lat' dir='ltr'>proximum</span> <span class='ocrx_word' id='word_1_270' title='bbox 950 1958 1012 1992; x_wconf 82' lang='lat' dir='ltr'>ex</span> <span class='ocrx_word' id='word_1_271' title='bbox 1040 1944 1165 1992; x_wconf 82' lang='lat' dir='ltr'>bono</span> <span class='ocrx_word' id='word_1_272' title='bbox 1182 1955 1261 1991; x_wconf 86' lang='lat' dir='ltr'>aut</span> <span class='ocrx_word' id='word_1_273' title='bbox 1282 1943 1360 1992; x_wconf 89' lang='lat' dir='ltr'>usu</span> <span class='ocrx_word' id='word_1_274' title='bbox 1390 1943 1439 1991; x_wconf 83' lang='lat' dir='ltr'>in</span> <span class='ocrx_word' id='word_1_275' title='bbox 1466 1941 1510 1990; x_wconf 89' lang='lat' dir='ltr'>se</span> <span class='ocrx_word' id='word_1_276' title='bbox 1536 1956 1644 2005; x_wconf 82' lang='lat' dir='ltr'>erga</span> <span class='ocrx_word' id='word_1_277' title='bbox 1674 1941 1827 2000; x_wconf 78' lang='lat' dir='ltr'>illum3</span> <span class='ocrx_word' id='word_1_278' title='bbox 1857 1957 2006 1990; x_wconf 71' lang='lat' dir='ltr'>amane</span> <span class='ocrx_word' id='word_1_279' title='bbox 2030 1943 2281 2005; x_wconf 77' lang='lat' dir='ltr'>proximum</span> <span class='ocrx_word' id='word_1_280' title='bbox 2305 1960 2370 1994; x_wconf 76' lang='lat' dir='ltr'>ex</span> 
     </span>
     <span class='ocr_line' id='line_1_25' title="bbox 394 2005 2369 2072; baseline 0.001 -15"><span class='ocrx_word' id='word_1_281' title='bbox 394 2009 518 2057; x_wconf 82' lang='lat' dir='ltr'>bono</span> <span class='ocrx_word' id='word_1_282' title='bbox 537 2018 615 2056; x_wconf 84' lang='lat' dir='ltr'>aut</span> <span class='ocrx_word' id='word_1_283' title='bbox 637 2008 714 2055; x_wconf 91' lang='lat' dir='ltr'>usu</span> <span class='ocrx_word' id='word_1_284' title='bbox 736 2007 782 2056; x_wconf 81' lang='lat' dir='ltr'>in</span> <span class='ocrx_word' id='word_1_285' title='bbox 802 2008 881 2057; x_wconf 81' lang='lat' dir='ltr'>iilo</span> <span class='ocrx_word' id='word_1_286' title='bbox 901 2022 1009 2071; x_wconf 87' lang='lat' dir='ltr'>erga</span> <span class='ocrx_word' id='word_1_287' title='bbox 1032 2005 1102 2067; x_wconf 87' lang='lat' dir='ltr'>se,</span> <span class='ocrx_word' id='word_1_288' title='bbox 1137 2005 1283 2072; x_wconf 83' lang='lat' dir='ltr'>potest</span> <span class='ocrx_word' id='word_1_289' title='bbox 1306 2007 1444 2056; x_wconf 87' lang='lat' dir='ltr'>etiam</span> <span class='ocrx_word' id='word_1_290' title='bbox 1464 2008 1627 2063; x_wconf 88' lang='lat' dir='ltr'>malus,</span> <span class='ocrx_word' id='word_1_291' title='bbox 1662 2006 1736 2055; x_wconf 67' lang='lat' dir='ltr'>fied</span> <span class='ocrx_word' id='word_1_292' title='bbox 1755 2021 1906 2056; x_wconf 84' lang='lat' dir='ltr'>amare</span> <span class='ocrx_word' id='word_1_293' title='bbox 1925 2010 2177 2070; x_wconf 81' lang='lat' dir='ltr'>proximum</span> <span class='ocrx_word' id='word_1_294' title='bbox 2204 2024 2262 2057; x_wconf 83' lang='lat' dir='ltr'>ex</span> <span class='ocrx_word' id='word_1_295' title='bbox 2285 2011 2369 2059; x_wconf 89' lang='lat' dir='ltr'>bo·</span> 
     </span>
     <span class='ocr_line' id='line_1_26' title="bbox 391 2070 2370 2136; baseline 0.001 -14"><span class='ocrx_word' id='word_1_296' title='bbox 391 2086 455 2122; x_wconf 80' lang='lat' dir='ltr'>no</span> <span class='ocrx_word' id='word_1_297' title='bbox 485 2083 564 2121; x_wconf 88' lang='lat' dir='ltr'>aut</span> <span class='ocrx_word' id='word_1_298' title='bbox 589 2071 667 2120; x_wconf 90' lang='lat' dir='ltr'>usu</span> <span class='ocrx_word' id='word_1_299' title='bbox 691 2072 738 2120; x_wconf 87' lang='lat' dir='ltr'>in</span> <span class='ocrx_word' id='word_1_300' title='bbox 765 2071 812 2121; x_wconf 92' lang='lat' dir='ltr'>se</span> <span class='ocrx_word' id='word_1_301' title='bbox 839 2087 947 2135; x_wconf 89' lang='lat' dir='ltr'>erga</span> <span class='ocrx_word' id='word_1_302' title='bbox 975 2073 1123 2127; x_wconf 83' lang='lat' dir='ltr'>illum,</span> <span class='ocrx_word' id='word_1_303' title='bbox 1155 2088 1247 2122; x_wconf 90' lang='lat' dir='ltr'>non</span> <span class='ocrx_word' id='word_1_304' title='bbox 1275 2070 1422 2136; x_wconf 85' lang='lat' dir='ltr'>potest</span> <span class='ocrx_word' id='word_1_305' title='bbox 1455 2071 1536 2120; x_wconf 84' lang='lat' dir='ltr'>nifi</span> <span class='ocrx_word' id='word_1_306' title='bbox 1566 2073 1741 2129; x_wconf 87' lang='lat' dir='ltr'>bonus,</span> <span class='ocrx_word' id='word_1_307' title='bbox 1775 2086 1880 2120; x_wconf 86' lang='lat' dir='ltr'>nam</span> <span class='ocrx_word' id='word_1_308' title='bbox 1906 2072 1981 2119; x_wconf 85' lang='lat' dir='ltr'>hic</span> <span class='ocrx_word' id='word_1_309' title='bbox 2012 2088 2069 2120; x_wconf 85' lang='lat' dir='ltr'>ex</span> <span class='ocrx_word' id='word_1_310' title='bbox 2102 2074 2222 2121; x_wconf 84' lang='lat' dir='ltr'>bono</span> <span class='ocrx_word' id='word_1_311' title='bbox 2247 2087 2370 2124; x_wconf 88' lang='lat' dir='ltr'>amat</span> 
     </span>
     <span class='ocr_line' id='line_1_27' title="bbox 393 2134 2370 2196; baseline 0 -10"><span class='ocrx_word' id='word_1_312' title='bbox 393 2138 587 2196; x_wconf 77' lang='lat' dir='ltr'>bonum,</span> <span class='ocrx_word' id='word_1_313' title='bbox 620 2136 694 2184; x_wconf 86' lang='lat' dir='ltr'>seu</span> <span class='ocrx_word' id='word_1_314' title='bbox 714 2150 771 2183; x_wconf 85' lang='lat' dir='ltr'>ex</span> <span class='ocrx_word' id='word_1_315' title='bbox 792 2135 1034 2185; x_wconf 70' lang='lat' dir='ltr'>affthione</span> <span class='ocrx_word' id='word_1_316' title='bbox 1060 2136 1159 2184; x_wconf 80' lang='lat' dir='ltr'>usus</span> <span class='ocrx_word' id='word_1_317' title='bbox 1178 2142 1299 2186; x_wconf 83' lang='lat' dir='ltr'>amat</span> <span class='ocrx_word' id='word_1_318' title='bbox 1320 2136 1471 2184; x_wconf 85' lang='lat' dir='ltr'>usum:</span> <span class='ocrx_word' id='word_1_319' title='bbox 1509 2135 1669 2182; x_wconf 90' lang='lat' dir='ltr'>horum</span> <span class='ocrx_word' id='word_1_320' title='bbox 1688 2134 1932 2183; x_wconf 87' lang='lat' dir='ltr'>&amp;illorum</span> <span class='ocrx_word' id='word_1_321' title='bbox 1951 2135 2184 2184; x_wconf 87' lang='lat' dir='ltr'>discrimen</span> <span class='ocrx_word' id='word_1_322' title='bbox 2204 2137 2370 2187; x_wconf 85' lang='lat' dir='ltr'>descri-</span> 
     </span>
     <span class='ocr_line' id='line_1_28' title="bbox 392 2198 2410 2291; baseline 0 -41"><span class='ocrx_word' id='word_1_323' title='bbox 392 2199 560 2250; x_wconf 71' lang='lat' dir='ltr'>bitur&#39;a</span> <span class='ocrx_word' id='word_1_324' title='bbox 582 2201 783 2249; x_wconf 82' lang='lat' dir='ltr'>Domino</span> <span class='ocrx_word' id='word_1_325' title='bbox 807 2201 926 2261; x_wconf 78' lang='lat' dir='ltr'>apud</span> <span class='ocrx_word' id='word_1_326' title='bbox 946 2201 1216 2248; x_wconf 71' lang='lat' dir='ltr'>Matthaeum</span> <span class='ocrx_word' id='word_1_327' title='bbox 1231 2202 1349 2258; x_wconf 82' lang='lat' dir='ltr'>Cap.</span> <span class='ocrx_word' id='word_1_328' title='bbox 1373 2199 1440 2248; x_wconf 89' lang='lat' dir='ltr'>V:</span> <span class='ocrx_word' id='word_1_329' title='bbox 1478 2212 1553 2259; x_wconf 83' lang='lat'>32·</span> <span class='ocrx_word' id='word_1_330' title='bbox 1576 2213 1650 2259; x_wconf 84' lang='lat'>33.</span> <span class='ocrx_word' id='word_1_331' title='bbox 1676 2198 1765 2261; x_wconf 87' lang='lat' dir='ltr'>seq.</span> <span class='ocrx_word' id='word_1_332' title='bbox 1801 2198 1848 2245; x_wconf 91' lang='lat' dir='ltr'>A</span> <span class='ocrx_word' id='word_1_333' title='bbox 1868 2198 2015 2246; x_wconf 87' lang='lat' dir='ltr'>multis</span> <span class='ocrx_word' id='word_1_334' title='bbox 2038 2200 2221 2258; x_wconf 86' lang='lat' dir='ltr'>dici-tur,</span> <span class='ocrx_word' id='word_1_335' title='bbox 2258 2216 2370 2252; x_wconf 82' lang='lat' dir='ltr'>amo</span> <span class='ocrx_word' id='word_1_336' title='bbox 2395 2209 2410 2291; x_wconf 43' lang='grc' dir='ltr'>χ</span> 
     </span>
     <span class='ocr_line' id='line_1_29' title="bbox 391 2262 2415 2340; baseline 0.001 -27"><span class='ocrx_word' id='word_1_337' title='bbox 391 2266 515 2314; x_wconf 87' lang='lat' dir='ltr'>illum</span> <span class='ocrx_word' id='word_1_338' title='bbox 536 2265 640 2327; x_wconf 89' lang='lat' dir='ltr'>quia</span> <span class='ocrx_word' id='word_1_339' title='bbox 662 2279 737 2310; x_wconf 91' lang='lat' dir='ltr'>me</span> <span class='ocrx_word' id='word_1_340' title='bbox 755 2277 877 2311; x_wconf 86' lang='lat' dir='ltr'>amat</span> <span class='ocrx_word' id='word_1_341' title='bbox 896 2262 946 2311; x_wconf 73' lang='grc' dir='ltr'><strong>ἃ</strong></span> <span class='ocrx_word' id='word_1_342' title='bbox 975 2264 1142 2311; x_wconf 87' lang='lat' dir='ltr'>bonum</span> <span class='ocrx_word' id='word_1_343' title='bbox 1164 2264 1273 2313; x_wconf 88' lang='lat' dir='ltr'>mihi</span> <span class='ocrx_word' id='word_1_344' title='bbox 1295 2262 1430 2319; x_wconf 83' lang='lat' dir='ltr'>facit,</span> <span class='ocrx_word' id='word_1_345' title='bbox 1461 2262 1538 2309; x_wconf 90' lang='lat' dir='ltr'>sed</span> <span class='ocrx_word' id='word_1_346' title='bbox 1568 2262 1700 2324; x_wconf 90' lang='lat' dir='ltr'>usque</span> <span class='ocrx_word' id='word_1_347' title='bbox 1722 2276 1874 2310; x_wconf 88' lang='lat' dir='ltr'>amare</span> <span class='ocrx_word' id='word_1_348' title='bbox 1890 2262 2011 2310; x_wconf 85' lang='lat' dir='ltr'>illum</span> <span class='ocrx_word' id='word_1_349' title='bbox 2030 2275 2267 2326; x_wconf 87' lang='lat' dir='ltr'>propterea</span> <span class='ocrx_word' id='word_1_350' title='bbox 2294 2266 2366 2315; x_wconf 90' lang='lat' dir='ltr'>so-</span> <span class='ocrx_word' id='word_1_351' title='bbox 2407 2294 2415 2340; x_wconf 33' lang='grc' dir='ltr'><strong>Ἀ</strong></span> 
     </span>
     <span class='ocr_line' id='line_1_30' title="bbox 393 2324 2415 2389; baseline 0.001 -11"><span class='ocrx_word' id='word_1_352' title='bbox 393 2331 513 2386; x_wconf 82' lang='lat' dir='ltr'>lum,</span> <span class='ocrx_word' id='word_1_353' title='bbox 547 2341 637 2375; x_wconf 86' lang='lat' dir='ltr'>non</span> <span class='ocrx_word' id='word_1_354' title='bbox 670 2325 735 2375; x_wconf 89' lang='lat' dir='ltr'>est</span> <span class='ocrx_word' id='word_1_355' title='bbox 763 2326 944 2375; x_wconf 83' lang='lat' dir='ltr'>interius</span> <span class='ocrx_word' id='word_1_356' title='bbox 972 2341 1123 2374; x_wconf 85' lang='lat' dir='ltr'>amare</span> <span class='ocrx_word' id='word_1_357' title='bbox 1149 2327 1294 2385; x_wconf 84' lang='lat' dir='ltr'>illurn,</span> <span class='ocrx_word' id='word_1_358' title='bbox 1332 2324 1413 2374; x_wconf 75' lang='lat' dir='ltr'>nist</span> <span class='ocrx_word' id='word_1_359' title='bbox 1436 2325 1595 2389; x_wconf 83' lang='lat' dir='ltr'>ipsein</span> <span class='ocrx_word' id='word_1_360' title='bbox 1625 2328 1749 2388; x_wconf 87' lang='lat' dir='ltr'>bono</span> <span class='ocrx_word' id='word_1_361' title='bbox 1778 2324 1857 2385; x_wconf 85' lang='lat' dir='ltr'>fit,</span> <span class='ocrx_word' id='word_1_362' title='bbox 1888 2325 1941 2374; x_wconf 90' lang='lat'>&amp;</span> <span class='ocrx_word' id='word_1_363' title='bbox 1964 2341 2020 2375; x_wconf 80' lang='lat' dir='ltr'>ex</span> <span class='ocrx_word' id='word_1_364' title='bbox 2042 2327 2117 2375; x_wconf 82' lang='lat' dir='ltr'>ino</span> <span class='ocrx_word' id='word_1_365' title='bbox 2138 2341 2259 2378; x_wconf 87' lang='lat' dir='ltr'>amet</span> <span class='ocrx_word' id='word_1_366' title='bbox 2278 2331 2362 2380; x_wconf 86' lang='lat' dir='ltr'>bo·</span> <span class='ocrx_word' id='word_1_367' title='bbox 2412 2346 2415 2368; x_wconf 71' lang='lat'><em>³</em></span> 
     </span>
    </p>
   </div>
   <div class='ocr_carea' id='block_1_5' title="bbox 392 2388 2517 2459">
    <p class='ocr_par' dir='ltr' id='par_1_7' title="bbox 392 2388 2517 2459">
     <span class='ocr_line' id='line_1_31' title="bbox 392 2388 2517 2459; baseline -0.004 -16"><span class='ocrx_word' id='word_1_368' title='bbox 392 2407 503 2443; x_wconf 85' lang='lat' dir='ltr'>num</span> <span class='ocrx_word' id='word_1_369' title='bbox 531 2392 652 2454; x_wconf 86' lang='lat' dir='ltr'>ejus3</span> <span class='ocrx_word' id='word_1_370' title='bbox 684 2391 758 2439; x_wconf 88' lang='lat' dir='ltr'>hic</span> <span class='ocrx_word' id='word_1_371' title='bbox 778 2391 825 2441; x_wconf 87' lang='lat' dir='ltr'>in</span> <span class='ocrx_word' id='word_1_372' title='bbox 854 2391 1071 2448; x_wconf 71' lang='lat' dir='ltr'>charitate</span> <span class='ocrx_word' id='word_1_373' title='bbox 1096 2389 1187 2454; x_wconf 80' lang='lat' dir='ltr'>est,</span> <span class='ocrx_word' id='word_1_374' title='bbox 1220 2392 1292 2448; x_wconf 81' lang='lat' dir='ltr'>ille</span> <span class='ocrx_word' id='word_1_375' title='bbox 1313 2388 2360 2459; x_wconf 50' lang='lat' dir='ltr'>mteQOidtiajssLgufffflfflcm</span> <span class='ocrx_word' id='word_1_376' title='bbox 2510 2454 2517 2458; x_wconf 15' lang='grc' dir='ltr'><strong>ἱ</strong></span> 
     </span>
    </p>
   </div>
   <div class='ocr_carea' id='block_1_6' title="bbox 1587 2443 1726 2451">
    <p class='ocr_par' dir='ltr' id='par_1_8' title="bbox 1587 2443 1726 2451">
     <span class='ocr_line' id='line_1_32' title="bbox 1587 2443 1726 2451; baseline 0 1065"><span class='ocrx_word' id='word_1_377' title='bbox 1587 2443 1726 2451; x_wconf 95' lang='lat' dir='ltr'> </span> 
     </span>
    </p>
   </div>
   <div class='ocr_carea' id='block_1_7' title="bbox 376 2453 2414 3283">
    <p class='ocr_par' dir='ltr' id='par_1_9' title="bbox 376 2453 2414 2844">
     <span class='ocr_line' id='line_1_33' title="bbox 376 2453 2414 2522; baseline 0 -15"><span class='ocrx_word' id='word_1_378' title='bbox 376 2470 473 2520; x_wconf 75' lang='lat' dir='ltr'>tas.</span> <span class='ocrx_word' id='word_1_379' title='bbox 540 2457 584 2505; x_wconf 88' lang='lat' dir='ltr'>Is</span> <span class='ocrx_word' id='word_1_380' title='bbox 608 2457 685 2519; x_wconf 91' lang='lat' dir='ltr'>qui</span> <span class='ocrx_word' id='word_1_381' title='bbox 712 2471 770 2504; x_wconf 84' lang='lat' dir='ltr'>ex</span> <span class='ocrx_word' id='word_1_382' title='bbox 797 2456 1014 2505; x_wconf 78' lang='lat' dir='ltr'>charitate</span> <span class='ocrx_word' id='word_1_383' title='bbox 1045 2467 1167 2504; x_wconf 85' lang='lat' dir='ltr'>amat</span> <span class='ocrx_word' id='word_1_384' title='bbox 1193 2455 1472 2519; x_wconf 84' lang='lat' dir='ltr'>proximum,</span> <span class='ocrx_word' id='word_1_385' title='bbox 1515 2454 1745 2518; x_wconf 87' lang='lat' dir='ltr'>conjungit</span> <span class='ocrx_word' id='word_1_386' title='bbox 1775 2453 1821 2502; x_wconf 87' lang='lat' dir='ltr'>se</span> <span class='ocrx_word' id='word_1_387' title='bbox 1859 2470 1963 2503; x_wconf 87' lang='lat' dir='ltr'>cum</span> <span class='ocrx_word' id='word_1_388' title='bbox 1992 2456 2114 2505; x_wconf 82' lang='lat' dir='ltr'>bono</span> <span class='ocrx_word' id='word_1_389' title='bbox 2143 2458 2264 2522; x_wconf 85' lang='lat' dir='ltr'>ejus,</span> <span class='ocrx_word' id='word_1_390' title='bbox 2306 2460 2362 2510; x_wconf 73' lang='grc' dir='ltr'>δι</span> <span class='ocrx_word' id='word_1_391' title='bbox 2407 2468 2414 2511; x_wconf 73' lang='grc' dir='ltr'><em>ξ</em></span> 
     </span>
     <span class='ocr_line' id='line_1_34' title="bbox 381 2514 2409 2584; baseline 0 -14"><span class='ocrx_word' id='word_1_392' title='bbox 381 2514 601 2572; x_wconf 60' lang='lat' dir='ltr'>⁴fficutn</span> <span class='ocrx_word' id='word_1_393' title='bbox 619 2520 831 2584; x_wconf 87' lang='lat' dir='ltr'>persona,</span> <span class='ocrx_word' id='word_1_394' title='bbox 865 2520 945 2569; x_wconf 78' lang='lat' dir='ltr'>nist</span> <span class='ocrx_word' id='word_1_395' title='bbox 961 2533 1173 2584; x_wconf 64' lang='lat' dir='ltr'>qnantum</span> <span class='ocrx_word' id='word_1_396' title='bbox 1191 2519 1241 2570; x_wconf 70' lang='grc' dir='ltr'><strong>ἅ</strong></span> <span class='ocrx_word' id='word_1_397' title='bbox 1263 2520 1471 2582; x_wconf 89' lang='lat' dir='ltr'>quamdiu</span> <span class='ocrx_word' id='word_1_398' title='bbox 1495 2519 1677 2568; x_wconf 87' lang='lat' dir='ltr'>inbono</span> <span class='ocrx_word' id='word_1_399' title='bbox 1693 2517 1784 2576; x_wconf 84' lang='lat' dir='ltr'>est,</span> <span class='ocrx_word' id='word_1_400' title='bbox 1816 2518 1893 2569; x_wconf 87' lang='lat' dir='ltr'>hic</span> <span class='ocrx_word' id='word_1_401' title='bbox 1915 2519 2147 2582; x_wconf 81' lang='lat' dir='ltr'>spirituaiis</span> <span class='ocrx_word' id='word_1_402' title='bbox 2171 2522 2261 2580; x_wconf 86' lang='lat' dir='ltr'>est,</span> <span class='ocrx_word' id='word_1_403' title='bbox 2298 2524 2353 2575; x_wconf 69' lang='grc' dir='ltr'>ἀ</span> <span class='ocrx_word' id='word_1_404' title='bbox 2403 2518 2409 2564; x_wconf 67' lang='grc' dir='ltr'><em>ἱ</em></span> 
     </span>
     <span class='ocr_line' id='line_1_35' title="bbox 390 2573 2407 2658; baseline 0.001 -23"><span class='ocrx_word' id='word_1_405' title='bbox 390 2586 670 2650; x_wconf 86' lang='lat' dir='ltr'>spiritualiter</span> <span class='ocrx_word' id='word_1_406' title='bbox 690 2598 812 2634; x_wconf 85' lang='lat' dir='ltr'>amat</span> <span class='ocrx_word' id='word_1_407' title='bbox 839 2586 1120 2649; x_wconf 78' lang='lat' dir='ltr'>proximum3</span> <span class='ocrx_word' id='word_1_408' title='bbox 1150 2597 1196 2633; x_wconf 91' lang='lat' dir='ltr'>at</span> <span class='ocrx_word' id='word_1_409' title='bbox 1216 2588 1292 2650; x_wconf 89' lang='lat' dir='ltr'>qui</span> <span class='ocrx_word' id='word_1_410' title='bbox 1312 2601 1369 2633; x_wconf 84' lang='lat' dir='ltr'>ex</span> <span class='ocrx_word' id='word_1_411' title='bbox 1391 2584 1482 2632; x_wconf 87' lang='lat' dir='ltr'>sola</span> <span class='ocrx_word' id='word_1_412' title='bbox 1509 2584 1707 2634; x_wconf 80' lang='lat' dir='ltr'>amicitia</span> <span class='ocrx_word' id='word_1_413' title='bbox 1729 2596 1849 2632; x_wconf 86' lang='lat' dir='ltr'>amat</span> <span class='ocrx_word' id='word_1_414' title='bbox 1872 2585 2082 2645; x_wconf 83' lang='lat' dir='ltr'>alterum,</span> <span class='ocrx_word' id='word_1_415' title='bbox 2116 2586 2153 2635; x_wconf 86' lang='lat' dir='ltr'>is</span> <span class='ocrx_word' id='word_1_416' title='bbox 2171 2587 2356 2652; x_wconf 84' lang='lat' dir='ltr'>coujun-</span> <span class='ocrx_word' id='word_1_417' title='bbox 2399 2573 2407 2658; x_wconf 57' lang='grc' dir='ltr'>ξ</span> 
     </span>
     <span class='ocr_line' id='line_1_36' title="bbox 391 2647 2406 2716; baseline 0.002 -17"><span class='ocrx_word' id='word_1_418' title='bbox 391 2652 460 2716; x_wconf 89' lang='lat' dir='ltr'>git</span> <span class='ocrx_word' id='word_1_419' title='bbox 480 2651 525 2699; x_wconf 89' lang='lat' dir='ltr'>se</span> <span class='ocrx_word' id='word_1_420' title='bbox 544 2665 646 2700; x_wconf 85' lang='lat' dir='ltr'>cum</span> <span class='ocrx_word' id='word_1_421' title='bbox 665 2651 874 2714; x_wconf 67' lang='lat' dir='ltr'>persona,</span> <span class='ocrx_word' id='word_1_422' title='bbox 905 2649 956 2699; x_wconf 75' lang='grc' dir='ltr'>δι</span> <span class='ocrx_word' id='word_1_423' title='bbox 978 2649 1099 2698; x_wconf 84' lang='lat' dir='ltr'>fimul</span> <span class='ocrx_word' id='word_1_424' title='bbox 1120 2662 1226 2699; x_wconf 86' lang='lat' dir='ltr'>tunc</span> <span class='ocrx_word' id='word_1_425' title='bbox 1241 2665 1348 2698; x_wconf 89' lang='lat' dir='ltr'>cum</span> <span class='ocrx_word' id='word_1_426' title='bbox 1372 2650 1467 2714; x_wconf 82' lang='lat' dir='ltr'>ejus</span> <span class='ocrx_word' id='word_1_427' title='bbox 1485 2650 1630 2708; x_wconf 82' lang='lat' dir='ltr'>malo;</span> <span class='ocrx_word' id='word_1_428' title='bbox 1663 2649 1737 2697; x_wconf 85' lang='lat' dir='ltr'>hic</span> <span class='ocrx_word' id='word_1_429' title='bbox 1757 2647 1855 2712; x_wconf 87' lang='lat' dir='ltr'>post</span> <span class='ocrx_word' id='word_1_430' title='bbox 1877 2662 2070 2699; x_wconf 85' lang='lat' dir='ltr'>mortem</span> <span class='ocrx_word' id='word_1_431' title='bbox 2094 2665 2123 2700; x_wconf 82' lang='lat' dir='ltr'>a</span> <span class='ocrx_word' id='word_1_432' title='bbox 2141 2652 2357 2715; x_wconf 86' lang='lat' dir='ltr'>persona,</span> <span class='ocrx_word' id='word_1_433' title='bbox 2400 2662 2406 2711; x_wconf 75' lang='grc' dir='ltr'><strong>ξ</strong></span> 
     </span>
     <span class='ocr_line' id='line_1_37' title="bbox 392 2708 2359 2780; baseline 0.002 -16"><span class='ocrx_word' id='word_1_434' title='bbox 392 2731 490 2780; x_wconf 89' lang='lat' dir='ltr'>quae</span> <span class='ocrx_word' id='word_1_435' title='bbox 509 2716 555 2763; x_wconf 91' lang='lat' dir='ltr'>in</span> <span class='ocrx_word' id='word_1_436' title='bbox 574 2717 693 2764; x_wconf 90' lang='lat' dir='ltr'>malo</span> <span class='ocrx_word' id='word_1_437' title='bbox 713 2714 803 2772; x_wconf 87' lang='lat' dir='ltr'>est,</span> <span class='ocrx_word' id='word_1_438' title='bbox 837 2730 955 2779; x_wconf 86' lang='lat' dir='ltr'>aegre</span> <span class='ocrx_word' id='word_1_439' title='bbox 983 2714 1172 2778; x_wconf 85' lang='lat' dir='ltr'>separari</span> <span class='ocrx_word' id='word_1_440' title='bbox 1204 2713 1375 2778; x_wconf 90' lang='lat' dir='ltr'>potest,</span> <span class='ocrx_word' id='word_1_441' title='bbox 1409 2708 1518 2763; x_wconf 76' lang='lat' dir='ltr'>aiter</span> <span class='ocrx_word' id='word_1_442' title='bbox 1540 2726 1690 2763; x_wconf 88' lang='lat' dir='ltr'>autem</span> <span class='ocrx_word' id='word_1_443' title='bbox 1717 2711 1878 2777; x_wconf 83' lang='lat' dir='ltr'>potest.</span> <span class='ocrx_word' id='word_1_444' title='bbox 1944 2716 2145 2765; x_wconf 80' lang='lat' dir='ltr'>Charitas</span> <span class='ocrx_word' id='word_1_445' title='bbox 2173 2717 2264 2767; x_wconf 81' lang='lat' dir='ltr'>hoc</span> <span class='ocrx_word' id='word_1_446' title='bbox 2284 2718 2359 2769; x_wconf 85' lang='lat' dir='ltr'>fa·</span> 
     </span>
     <span class='ocr_line' id='line_1_38' title="bbox 392 2777 2356 2844; baseline 0.002 -15"><span class='ocrx_word' id='word_1_447' title='bbox 392 2781 458 2831; x_wconf 89' lang='lat' dir='ltr'>cit</span> <span class='ocrx_word' id='word_1_448' title='bbox 479 2794 558 2843; x_wconf 91' lang='lat' dir='ltr'>per</span> <span class='ocrx_word' id='word_1_449' title='bbox 578 2779 741 2839; x_wconf 84' lang='lat' dir='ltr'>fidem,</span> <span class='ocrx_word' id='word_1_450' title='bbox 773 2780 877 2842; x_wconf 84' lang='lat' dir='ltr'>quia</span> <span class='ocrx_word' id='word_1_451' title='bbox 907 2779 1018 2828; x_wconf 81' lang='lat' dir='ltr'>fides</span> <span class='ocrx_word' id='word_1_452' title='bbox 1043 2777 1108 2827; x_wconf 86' lang='lat' dir='ltr'>est</span> <span class='ocrx_word' id='word_1_453' title='bbox 1138 2780 1326 2833; x_wconf 81' lang='lat' dir='ltr'>veritas.</span> <span class='ocrx_word' id='word_1_454' title='bbox 1359 2777 1410 2826; x_wconf 72' lang='grc' dir='ltr'>ἃ</span> <span class='ocrx_word' id='word_1_455' title='bbox 1435 2779 1572 2828; x_wconf 83' lang='lat' dir='ltr'>homo</span> <span class='ocrx_word' id='word_1_456' title='bbox 1601 2780 1741 2844; x_wconf 88' lang='lat' dir='ltr'>quiin</span> <span class='ocrx_word' id='word_1_457' title='bbox 1761 2779 1978 2828; x_wconf 84' lang='lat' dir='ltr'>charitate</span> <span class='ocrx_word' id='word_1_458' title='bbox 2008 2779 2074 2829; x_wconf 88' lang='lat' dir='ltr'>est</span> <span class='ocrx_word' id='word_1_459' title='bbox 2091 2797 2171 2844; x_wconf 83' lang='lat' dir='ltr'>per</span> <span class='ocrx_word' id='word_1_460' title='bbox 2190 2783 2356 2833; x_wconf 76' lang='lat' dir='ltr'>verita-</span> 
     </span>
    </p>

    <p class='ocr_par' dir='ltr' id='par_1_10' title="bbox 390 2840 2412 2960">
     <span class='ocr_line' id='line_1_39' title="bbox 390 2840 2412 2960; baseline 0.003 -68"><span class='ocrx_word' id='word_1_461' title='bbox 390 2859 516 2960; x_wconf 58' lang='grc' dir='ltr'>ῑὲω,</span> <span class='ocrx_word' id='word_1_462' title='bbox 549 2845 764 2956; x_wconf 48' lang='grc' dir='ltr'>ἓωωῑῐιιιὲ·</span> <span class='ocrx_word' id='word_1_463' title='bbox 783 2842 835 2892; x_wconf 72' lang='grc' dir='ltr'>ἆ</span> <span class='ocrx_word' id='word_1_464' title='bbox 860 2844 1009 2904; x_wconf 85' lang='lat' dir='ltr'>videt,</span> <span class='ocrx_word' id='word_1_465' title='bbox 1043 2840 1148 2907; x_wconf 90' lang='lat' dir='ltr'>quid</span> <span class='ocrx_word' id='word_1_466' title='bbox 1172 2844 1409 2894; x_wconf 85' lang='lat' dir='ltr'>amandum</span> <span class='ocrx_word' id='word_1_467' title='bbox 1426 2843 1518 2901; x_wconf 82' lang='lat' dir='ltr'>est,</span> <span class='ocrx_word' id='word_1_468' title='bbox 1547 2843 1605 2893; x_wconf 73' lang='grc' dir='ltr'>’ἃ</span> <span class='ocrx_word' id='word_1_469' title='bbox 1633 2843 1800 2907; x_wconf 68' lang='grc' dir='ltr'>ΐρεξὶαε</span> <span class='ocrx_word' id='word_1_470' title='bbox 1823 2845 1954 2907; x_wconf 87' lang='lat' dir='ltr'>quale</span> <span class='ocrx_word' id='word_1_471' title='bbox 1973 2844 2072 2894; x_wconf 84' lang='lat' dir='ltr'>usus</span> <span class='ocrx_word' id='word_1_472' title='bbox 2095 2848 2140 2895; x_wconf 83' lang='lat' dir='ltr'>in</span> <span class='ocrx_word' id='word_1_473' title='bbox 2161 2849 2363 2899; x_wconf 84' lang='lat' dir='ltr'>amando·</span> <span class='ocrx_word' id='word_1_474' title='bbox 2409 2854 2412 2858; x_wconf 89' lang='lat'>&#39;</span> 
     </span>
    </p>

    <p class='ocr_par' dir='ltr' id='par_1_11' title="bbox 466 2910 1550 2958">
     <span class='ocr_line' id='line_1_40' title="bbox 466 2910 1550 2958; baseline -0.003 0"><span class='ocrx_word' id='word_1_475' title='bbox 466 2911 551 2958; x_wconf 88' lang='lat' dir='ltr'>ben</span> <span class='ocrx_word' id='word_1_476' title='bbox 602 2910 697 2958; x_wconf 85' lang='lat' dir='ltr'>acie</span> <span class='ocrx_word' id='word_1_477' title='bbox 759 2924 804 2958; x_wconf 92' lang='grc' dir='ltr'>ο.</span> <span class='ocrx_word' id='word_1_478' title='bbox 1224 2949 1231 2955; x_wconf 90' lang='grc'><strong>.</strong></span> <span class='ocrx_word' id='word_1_479' title='bbox 1547 2924 1550 2926; x_wconf 64' lang='grc'>’</span> 
     </span>
    </p>

    <p class='ocr_par' dir='ltr' id='par_1_12' title="bbox 387 2971 2362 3281">
     <span class='ocr_line' id='line_1_41' title="bbox 457 2971 2356 3037; baseline 0.003 -15"><span class='ocrx_word' id='word_1_480' title='bbox 457 2988 533 3022; x_wconf 75' lang='lat'>22.</span> <span class='ocrx_word' id='word_1_481' title='bbox 562 2975 721 3021; x_wconf 87' lang='lat' dir='ltr'>Amor·</span> <span class='ocrx_word' id='word_1_482' title='bbox 738 2974 784 3023; x_wconf 87' lang='lat' dir='ltr'>in</span> <span class='ocrx_word' id='word_1_483' title='bbox 807 2973 1056 3021; x_wconf 82' lang='lat' dir='ltr'>Dominum</span> <span class='ocrx_word' id='word_1_484' title='bbox 1074 2971 1140 3021; x_wconf 84' lang='lat' dir='ltr'>est</span> <span class='ocrx_word' id='word_1_485' title='bbox 1162 2973 1341 3036; x_wconf 84' lang='lat' dir='ltr'>proprie</span> <span class='ocrx_word' id='word_1_486' title='bbox 1358 2986 1507 3032; x_wconf 85' lang='lat' dir='ltr'>amor,</span> <span class='ocrx_word' id='word_1_487' title='bbox 1542 2971 1592 3021; x_wconf 88' lang='lat'>&amp;</span> <span class='ocrx_word' id='word_1_488' title='bbox 1618 2987 1746 3022; x_wconf 86' lang='lat' dir='ltr'>amor</span> <span class='ocrx_word' id='word_1_489' title='bbox 1763 2987 1870 3037; x_wconf 84' lang='lat' dir='ltr'>erga</span> <span class='ocrx_word' id='word_1_490' title='bbox 1891 2973 2145 3037; x_wconf 77' lang='lat' dir='ltr'>proximum</span> <span class='ocrx_word' id='word_1_491' title='bbox 2164 2974 2232 3025; x_wconf 79' lang='lat' dir='ltr'>est</span> <span class='ocrx_word' id='word_1_492' title='bbox 2250 2975 2356 3026; x_wconf 81' lang='lat' dir='ltr'>cha·</span> 
     </span>
     <span class='ocr_line' id='line_1_42' title="bbox 388 3038 2362 3101; baseline 0.002 -12"><span class='ocrx_word' id='word_1_493' title='bbox 388 3040 520 3089; x_wconf 76' lang='lat' dir='ltr'>ritas:</span> <span class='ocrx_word' id='word_1_494' title='bbox 552 3053 641 3086; x_wconf 87' lang='lat' dir='ltr'>non</span> <span class='ocrx_word' id='word_1_495' title='bbox 665 3039 796 3087; x_wconf 89' lang='lat' dir='ltr'>datur</span> <span class='ocrx_word' id='word_1_496' title='bbox 827 3038 944 3099; x_wconf 86' lang='lat' dir='ltr'>apud</span> <span class='ocrx_word' id='word_1_497' title='bbox 971 3038 1198 3086; x_wconf 80' lang='lat' dir='ltr'>hominem</span> <span class='ocrx_word' id='word_1_498' title='bbox 1220 3053 1345 3087; x_wconf 83' lang='lat' dir='ltr'>arnor</span> <span class='ocrx_word' id='word_1_499' title='bbox 1374 3040 1419 3086; x_wconf 85' lang='lat' dir='ltr'>in</span> <span class='ocrx_word' id='word_1_500' title='bbox 1444 3039 1718 3098; x_wconf 81' lang='lat' dir='ltr'>Dominum,</span> <span class='ocrx_word' id='word_1_501' title='bbox 1753 3038 1832 3088; x_wconf 87' lang='lat' dir='ltr'>nifi</span> <span class='ocrx_word' id='word_1_502' title='bbox 1853 3039 1899 3088; x_wconf 93' lang='lat' dir='ltr'>in</span> <span class='ocrx_word' id='word_1_503' title='bbox 1930 3038 2171 3101; x_wconf 81' lang='lat' dir='ltr'>charitate,</span> <span class='ocrx_word' id='word_1_504' title='bbox 2202 3043 2250 3091; x_wconf 82' lang='lat' dir='ltr'>in</span> <span class='ocrx_word' id='word_1_505' title='bbox 2269 3042 2362 3092; x_wconf 81' lang='lat' dir='ltr'>hac</span> 
     </span>
     <span class='ocr_line' id='line_1_43' title="bbox 390 3102 2356 3173; baseline 0.002 -21"><span class='ocrx_word' id='word_1_506' title='bbox 390 3104 612 3153; x_wconf 82' lang='lat' dir='ltr'>Dominus</span> <span class='ocrx_word' id='word_1_507' title='bbox 644 3103 699 3173; x_wconf 30' lang='lat' dir='ltr'>sea</span> <span class='ocrx_word' id='word_1_508' title='bbox 720 3102 1073 3167; x_wconf 84' lang='lat' dir='ltr'>conjungitcum</span> <span class='ocrx_word' id='word_1_509' title='bbox 1102 3103 1296 3152; x_wconf 89' lang='lat' dir='ltr'>homine.</span> <span class='ocrx_word' id='word_1_510' title='bbox 1365 3104 1486 3169; x_wconf 89' lang='lat' dir='ltr'>Quia</span> <span class='ocrx_word' id='word_1_511' title='bbox 1521 3103 1633 3151; x_wconf 83' lang='lat' dir='ltr'>fides</span> <span class='ocrx_word' id='word_1_512' title='bbox 1658 3104 1703 3152; x_wconf 89' lang='lat' dir='ltr'>in</span> <span class='ocrx_word' id='word_1_513' title='bbox 1734 3103 1811 3153; x_wconf 91' lang='lat' dir='ltr'>sua</span> <span class='ocrx_word' id='word_1_514' title='bbox 1836 3102 2016 3153; x_wconf 84' lang='lat' dir='ltr'>effentia</span> <span class='ocrx_word' id='word_1_515' title='bbox 2041 3104 2106 3153; x_wconf 90' lang='lat' dir='ltr'>est</span> <span class='ocrx_word' id='word_1_516' title='bbox 2124 3107 2319 3155; x_wconf 84' lang='lat' dir='ltr'>charitas</span> <span class='ocrx_word' id='word_1_517' title='bbox 2336 3142 2356 3164; x_wconf 89' lang='lat'>,</span> 
     </span>
     <span class='ocr_line' id='line_1_44' title="bbox 387 3166 2355 3281; baseline -0.002 -61"><span class='ocrx_word' id='word_1_518' title='bbox 387 3166 583 3234; x_wconf 77' lang='lat' dir='ltr'>requitur</span> <span class='ocrx_word' id='word_1_519' title='bbox 608 3169 727 3232; x_wconf 89' lang='lat' dir='ltr'>quod</span> <span class='ocrx_word' id='word_1_520' title='bbox 756 3183 892 3219; x_wconf 85' lang='lat' dir='ltr'>nemo</span> <span class='ocrx_word' id='word_1_521' title='bbox 923 3168 1066 3232; x_wconf 85' lang='lat' dir='ltr'>poffit</span> <span class='ocrx_word' id='word_1_522' title='bbox 1080 3168 1247 3220; x_wconf 82' lang='lat' dir='ltr'>habere</span> <span class='ocrx_word' id='word_1_523' title='bbox 1270 3167 1413 3218; x_wconf 77' lang='lat' dir='ltr'>fidem</span> <span class='ocrx_word' id='word_1_524' title='bbox 1433 3170 1480 3220; x_wconf 86' lang='lat' dir='ltr'>in</span> <span class='ocrx_word' id='word_1_525' title='bbox 1499 3169 1748 3219; x_wconf 78' lang='lat' dir='ltr'>Dominum</span> <span class='ocrx_word' id='word_1_526' title='bbox 1772 3168 1854 3220; x_wconf 70' lang='lat' dir='ltr'>nisi</span> <span class='ocrx_word' id='word_1_527' title='bbox 1872 3170 1924 3220; x_wconf 82' lang='lat' dir='ltr'>in</span> <span class='ocrx_word' id='word_1_528' title='bbox 1943 3168 2161 3221; x_wconf 76' lang='lat' dir='ltr'>charitate</span> <span class='ocrx_word' id='word_1_529' title='bbox 2187 3172 2355 3281; x_wconf 71' lang='lat' dir='ltr'>fit‚hex</span> 
     </span>
    </p>

    <p class='ocr_par' dir='ltr' id='par_1_13' title="bbox 2303 3248 2365 3283">
     <span class='ocr_line' id='line_1_45' title="bbox 2303 3248 2365 3283; baseline 0 0"><span class='ocrx_word' id='word_1_530' title='bbox 2303 3248 2365 3283; x_wconf 80' lang='lat' dir='ltr'>ac</span> 
     </span>
    </p>
   </div>
  </div>
 </body>
</html>
