2632 3516
661 270 722 329 D
759 261 957 330 ers-M
992 234 1236 329 UN-l)
1273 266 1336 326 o
1404 266 1585 325 szpr
1623 265 1845 326 R·1·r
1879 263 2032 325 uA
2068 253 2123 328 L
2153 269 2202 326 1.
2366 290 2432 346 ι,

450 396 520 449 est
532 410 642 458 eum
663 393 887 454 caelisfflc
906 405 1085 443 cautum
1109 393 1270 453 est‚ne
1291 393 1402 443 ficut
1423 392 1541 455 prius
1561 392 1812 443 artificiales
1822 393 1964 464 gaelos
1985 392 2066 443 fibi
2094 395 2303 445 forment.
2337 397 2432 448 Ta·

453 464 522 518 les.
546 461 784 523 societates
804 459 852 509 in
886 460 1065 512 Mundo
1091 459 1342 525 spirituum,
1374 459 1449 522 qui
1479 457 1545 510 est
1573 458 1744 516 medius
1769 457 1885 509 inter
1905 459 2074 508 Caelnm
2103 459 2155 513 ἀ
2175 461 2425 523 infernum,

453 528 552 576 sunt
568 524 833 583 innumerae‚
867 523 965 573 sunt
993 525 1114 573 enim
1148 523 1362 575 totidem,
1399 535 1507 586 quot
1536 524 1630 572 sunt
1663 537 1829 588 genera
1861 522 1910 570 δι
1940 522 2107 586 species
2141 524 2430 577 affeclionum

450 593 669 640 bonarum
693 589 743 639 ἃ
762 592 1008 650 malarum:
1041 605 1098 638 ac
1124 590 1339 651 interea,⁴
1354 601 1592 652 antequam
1613 592 1685 653 vel
1714 588 1761 638 in
1784 588 1952 636 Caelum
1980 590 2209 638 elevantur
2225 627 2238 648 ‚
2277 595 2349 641 vel
2380 593 2428 642 in

450 655 674 705 infernum
688 655 976 720 dejiciuntur,
1009 653 1169 703 suntin
1189 652 1504 717 conjunfflone
1526 652 1735 714 spirituali
1756 667 1861 702 cum
1884 653 2135 703 hominibus
2155 655 2336 717 mundi,
2369 665 2428 707 ex

450 720 607 779 causa,
641 721 746 784 quia
764 722 813 769 bi
831 720 970 767 etiam
991 719 1038 768 in
1055 718 1209 767 medio
1226 719 1323 768 sunt
1340 719 1456 767 inter
1474 719 1633 766 caeium
1652 718 1702 768 δι
1723 717 1960 767 infernum.-

520 791 598 846 58.
632 787 806 835 Omnes
833 785 894 833 illi
925 800 982 833 ex
1000 783 1244 833 Pontifleiis
1262 820 1276 840 ‚
1313 784 1387 847 qui
1406 797 1499 831 non
1522 784 1691 845 prorsus
1713 783 1958 831 idololatrae
1972 781 2174 841 fuerunt,
2207 781 2256 831 ἃ
2280 799 2337 832 ex
2359 800 2429 833 re-

451 849 705 913 ligiosofiio
721 865 778 898 ex
798 849 935 898 corde
957 848 1129 897 sincero
1158 848 1453 911 praestiterunt
1479 849 1621 907 bona,
1656 847 1707 897 ἃ
1735 847 1793 895 ad
1816 847 2064 895 Dominum
2095 848 2231 896 etiam
2258 848 2425 910 spech-

450 926 637 971 vemut,
671 915 968 977 perducuntur
989 914 1046 962 ad
1068 914 1318 963 societates
1335 914 1381 962 in
1403 911 1607 961 confiniis
1626 913 1684 960 ad
1703 911 1996 959 Reformatos
2015 911 2259 968 institutas,
2293 912 2342 961 ἃ
2361 915 2432 962 ibi

450 977 745 1042 instruuntur,
777 994 831 1028 ac
860 992 1012 1026 coram
1047 979 1133 1027 illis
1166 979 1326 1042 legitur
1345 978 1583 1034 Verbum,
1620 976 1671 1026 ἃ
1695 976 1963 1038 praedicatur
1993 977 2256 1034 Dominus3
2287 977 2336 1026 ἃ
2367 980 2429 1028 illi

451 1044 527 1106 qui
545 1044 755 1092 veritates
770 1044 1003 1106 <recipiunt
1026 1042 1076 1092 δι
1098 1045 1318 1106 applicant
1341 1044 1468 1100 vitae,
1501 1044 1732 1091 elevantur
1759 1043 1805 1089 in
1827 1043 1993 1089 Caelum
2009 1078 2021 1098 ,
2044 1040 2094 1090 ἀ
2122 1041 2426 1105 fiuntAngeli.

454 1109 597 1156 Tales
621 1108 856 1158 societates
888 1123 944 1156 ex
969 1108 1051 1156 illis
1080 1107 1175 1155 sunt
1202 1109 1348 1170 plures
1377 1109 1422 1155 in
1445 1107 1684 1170 unaquavis
1706 1107 1866 1169 plaga,
1902 1106 1947 1152 ἅ
1970 1106 2259 1169 undequaque
2280 1108 2428 1155 custo-

452 1172 608 1220 ditaesa
627 1173 785 1220 do’ofis
802 1173 852 1221 &
871 1171 1021 1220 astutis
1041 1172 1440 1219 machinationibus
1467 1172 1790 1220 monachorum
1803 1205 1819 1230 ,
1856 1186 1969 1234 aque
1997 1170 2219 1218 fermento
2237 1173 2427 1236 Babylo-

449 1238 568 1285 nica
599 1266 602 1267 ν
634 1239 851 1285 Praeterea
879 1252 1033 1284 omnes
1065 1236 1254 1284 infantes
1280 1239 1452 1284 illorum
1486 1237 1533 1284 in
1554 1238 1674 1284 Caelo
1702 1236 1823 1294 sunt,
1856 1238 1958 1299 qui,
1995 1238 2100 1298 quia
2132 1237 2312 1285 educati
2344 1253 2426 1301 per

451 1301 635 1364 angelos
655 1302 732 1349 sub
751 1301 947 1364 auspicio
970 1302 1181 1358 Domini,
1217 1302 1424 1363 ignorant
1456 1300 1565 1348 falsa
1591 1301 1815 1365 religionis
1843 1313 2090 1363 parentum.

476 1388 478 1391 ·
519 1381 596 1423 59.
633 1367 817 1425 ΟιιῃῑεεΑ
832 1368 905 1429 qui
928 1365 973 1412 in
997 1366 1219 1414 Mundum
1238 1366 1501 1427 spiritualem
1525 1380 1551 1413 e
1568 1367 1692 1414 terris
1713 1366 1924 1425 veniunt,
1957 1366 2003 1413 in
2023 1365 2298 1414 confeffione
2312 1364 2421 1415 fidei

449 1426 501 1475 &
525 1431 570 1478 in
597 1431 814 1494 religione
830 1430 990 1478 Patriae
1014 1430 1101 1478 suae
1132 1431 1178 1478 in
1210 1430 1428 1492 principio
1454 1442 1689 1489 'tenentur-3
1721 1431 1785 1478 ita
1805 1445 1983 1492 quoque
2005 1429 2256 1489 Pontificii5
2288 1445 2425 1494 quare

447 1491 621 1558 semper
666 1496 858 1560 aliquem
891 1495 1293 1557 repraesentativum
1325 1494 1590 1544 Pontificem
1619 1495 1699 1544 fibi
1726 1494 2006 1558 praepofitum
2038 1495 2204 1543 habent
2226 1530 2240 1553 ,
2286 1510 2422 1559 quem

447 1560 584 1607 etiam
612 1559 747 1609 simili·
758 1561 851 1608 ‘ritu
882 1560 1090 1618 adorant,
1123 1576 1213 1624 quo
1241 1561 1288 1608 in
1309 1561 1515 1608 Mundo:
1536 1575 1638 1608 raro
1661 1559 1814 1623 aliquis
1835 1561 1954 1623 Papa
1979 1561 2025 1608 in
2047 1559 2220 1607 mundo
2238 1561 2333 1623 agit
2355 1561 2422 1609 ibi

446 1623 740 1680 Pontificeim
773 1624 847 1672 sed
867 1624 1000 1686 usque
1018 1626 1090 1672 ille
1114 1625 1188 1687 qui
1211 1637 1315 1688 ante
1335 1625 1491 1687 viginti
1513 1639 1650 1672 annos
1670 1626 1834 1672 Romae
1857 1625 1974 1686 Papa
1997 1624 2106 1682 fuit,
2127 1625 2206 1672 illis
2219 1624 2419 1686 praefuit,

448 1702 505 1734 ex
526 1688 657 1736 causa
672 1688 776 1751 quia
804 1689 900 1745 ille,
932 1689 1069 1736 corde
1100 1690 1176 1736 suo
1201 1688 1318 1737 fovit
1341 1690 1461 1750 quod
1482 1691 1686 1737 Verbum
1715 1687 1903 1737 sanffius
1919 1689 2028 1737 effet
2047 1704 2179 1751 quam
2201 1689 2419 1749 creditur,

447 1750 500 1800 ἃ
554 1753 641 1799 uod
665 1752 884 1800 Dominus
907 1753 1118 1800 colendus
1147 1752 1278 1800 effet:
1318 1753 1392 1800 sed
1424 1756 1521 1811 ilie,
1549 1754 1781 1817 postquam
1799 1769 1880 1816 per
1898 1756 2067 1817 aliquot
2088 1769 2228 1802 annos
2245 1753 2423 1803 functus

445 1815 512 1863 est
580 1817 795 1874 ontificali
819 1831 1001 1871 mtrnere
1017 1854 1030 1875 ,
1065 1817 1292 1864 abdicavit
1319 1817 1364 1864 se
1389 1817 1494 1874 illo,
1530 1819 1579 1864 δι
1612 1819 1804 1866 contulit
1836 1818 1882 1866 se
1903 1820 1960 1866 ad
1983 1819 2275 1867 Reformatos
2293 1819 2420 1867 Chri-

444 1879 634 1942 stianos,
667 1882 781 1931 inter
803 1897 914 1943 quos
935 1882 1083 1930 adhuc
1102 1881 1195 1940 est,
1228 1881 1279 1930 δε
1305 1883 1400 1928 vita
1422 1883 1551 1929 beata
1570 1881 1740 1929 fruitur.
1777 1883 1948 1930 Datum
1966 1880 2032 1930 est
2055 1884 2172 1945 loqui
2193 1899 2296 1932 cum
2315 1885 2417 1937 ino,

426 1943 502 1994 ἃ
527 1946 675 2003 dixit,
709 1946 829 2009 quod
855 1947 1105 1995 Dominum
1130 1946 1267 1994 solum
1296 1946 1479 2002 adoret,
1513 1945 1616 2008 quia
1648 1946 1750 2009 Ipse
1774 1945 1843 1993 est
1862 1948 1987 1994 Deus
2003 1983 2016 2003 ,
2040 1948 2124 1994 Cui
2144 1947 2337 2010 potestas
2358 1947 2424 1995 est

443 2009 578 2072 super
605 2010 774 2057 Caelum
805 2010 854 2059 ἃ
887 2011 1105 2070 Terram,
1139 2009 1189 2059 ἀ
1216 2010 1339 2074 quod
1368 2011 1677 2058 invocationes
1705 2009 1955 2060 sannorum
1975 2011 2111 2059 effent
2131 2027 2288 2077 nugae,
2323 2024 2420 2060 tum

445 2076 583 2121 etiam
605 2074 754 2122 Miffae
783 2091 968 2132 eorum3
1001 2075 1051 2123 ἃ
1082 2075 1201 2137 quod
1227 2077 1272 2122 in
1297 2078 1468 2122 mundo
1480 2074 1719 2122 intenderit
1738 2075 1982 2138 restaura-re
2005 2078 2121 2123 illam
2144 2078 2419 2139 Ecclesiam,

444 2137 521 2184 sed
551 2138 669 2200 quod
698 2154 785 2185 non
821 2140 1013 2199 potuerit
1041 2153 1224 2200 propter
1255 2138 1428 2192 causas,
1465 2152 1571 2199 quas
1602 2139 1738 2185 etiam
1757 2137 1883 2184 dixit.
1920 2140 2032 2186 Vidi
2053 2140 2202 2197 illum,
2236 2142 2415 2201 quando

421 2203 571 2249 ‘Urbs
598 2216 760 2262 magna
795 2202 1164 2262 septentrionalis,
1199 2202 1245 2248 in
1276 2216 1360 2262 qua
1390 2200 1569 2247 fuerunt
1590 2201 1842 2258 Pontificii,
1876 2202 1951 2248 die
1971 2203 2130 2250 Ultimi
2154 2204 2317 2265 Judicii
2337 2206 2415 2252 de·
2493 2204 2496 2207 ’

445 2263 715 2322 struebant,
751 2265 796 2312 in
830 2264 987 2313 lefflca
1014 2277 1321 2328 exportatum,
1349 2263 1400 2312 ἀ
1427 2265 1474 2313 in
1500 2266 1647 2312 locum
1667 2264 1868 2313 securum
1887 2267 2096 2315 delatum.
2133 2269 2270 2321 Aliud
2291 2283 2415 2330 pror·
2513 2309 2525 2333 ι

445 2329 517 2376 fus
533 2330 684 2377 evenit
706 2328 951 2377 Succeffori
970 2329 1077 2391 ejus.

514 2399 589 2441 60,
624 2393 713 2440 His
739 2394 933 2455 adjicere
953 2395 1054 2442 licet
1078 2392 1253 2455 aliquod
1277 2393 1587 2441 Memorabile.
1625 2394 1797 2442 Datum
1818 2392 1883 2441 est
1902 2393 2019 2457 loqui
2041 2410 2143 2443 cum
2162 2397 2412 2446 Lunovrco

444 2459 567 2506 X1V
597 2459 703 2508 Avo
731 2458 873 2520 Regis
905 2458 1145 2505 Galliarum
1175 2457 1311 2506 hodie
1334 2459 1582 2520 regnantis,
1616 2459 1716 2518 qui,
1750 2459 1857 2506 dum
1876 2460 1922 2505 in
1942 2461 2107 2507 mundo
2127 2460 2237 2517 fuit,
2274 2463 2413 2511 coluit

444 2522 721 2581 Dominum,
756 2523 864 2588 legit
897 2524 1128 2581 Verbum,
1163 2521 1212 2570 ἃ
1235 2522 1497 2570 Pontificem
1530 2523 1671 2569 modo
1701 2538 1782 2584 pro
1804 2525 2024 2584 Supremo
2043 2525 2258 2573 Ecclefiae
2274 2542 2413 2590 agno·

444 2589 539 2644 vit3
569 2594 703 2649 quare
729 2586 775 2634 in
805 2586 984 2635 Mundo
1010 2587 1216 2648 spirituali
1238 2587 1283 2634 in
1315 2589 1450 2635 multa
1466 2585 1682 2649 dignitate
1703 2585 1794 2644 est,
1828 2603 1881 2635 ac
1901 2590 2119 2649 optimam
2139 2591 2413 2640 Societatem

446 2651 605 2699 Gentis
634 2651 822 2700 Gallicae
853 2652 980 2714 regit.
1031 2653 1272 2717 Quondam
1308 2652 1427 2699 illum
1461 2653 1554 2699 vidi
1573 2652 1682 2699 ficut
1702 2651 2040 2700 descendentem
2062 2669 2142 2716 per
2163 2655 2329 2714 scalas,
2363 2657 2416 2704 δε

442 2714 677 2779 postquam
707 2716 961 2774 descendit,
1002 2716 1154 2764 audivi
1181 2716 1301 2764 illum
1333 2716 1583 2771 dicentem,
1618 2714 1736 2777 quod
1766 2717 1993 2764 videretur
2014 2718 2091 2767 fibi
2114 2717 2224 2767 ficut
2250 2720 2413 2769 Versa·

441 2781 508 2829 liis
529 2779 637 2828 effet
651 2813 665 2834 ‚
696 2778 746 2828 ἀ
773 2793 878 2828 tunc
897 2780 1066 2828 facium
1089 2780 1155 2828 est
1173 2780 1391 2827 filentium
1406 2795 1485 2842 per
1507 2779 1727 2828 bihorium
1749 2782 1951 2838 circiter,
1984 2799 2073 2844 quo
2092 2783 2274 2844 peraeto
2297 2785 2411 2833 dixit

440 2844 487 2892 se
515 2843 745 2906 loquutum
773 2844 860 2907 esse
877 2861 979 2892 cum
1003 2847 1133 2909 Rege
1158 2844 1318 2893 Galliae
1339 2847 1524 2906 Nepote
1550 2844 1626 2892 suo
1646 2844 1705 2892 de
1726 2847 1844 2893 Bulla
1871 2846 2161 2910 Unigenitus‚
2195 2849 2315 2911 quod
2334 2851 2412 2906 de·

441 2907 610 2957 sisteret
628 2923 655 2955 a
678 2909 812 2970 priori
834 2908 908 2956 suo
928 2910 1137 2961 consilio,
1168 2909 1216 2956 ἃ
1238 2909 1357 2956 illam
1382 2925 1474 2956 non
1497 2921 1781 2970 acceptaret,
1816 2910 1917 2973 quia
1942 2911 2255 2962 detrimentosa
2271 2915 2412 2965 Genti

443 2973 655 3029 Gallicae3
690 2973 802 3020 dixit
821 2974 938 3035 quod
963 2976 1054 3022 boc
1069 2973 1349 3022 insinuaverit
1372 2973 1634 3036 cogitationi
1657 2974 1749 3035 ejus
1769 2976 2004 3034 profunde.
2037 2978 2149 3029 Hoc
2169 2976 2335 3029 faffinn
2347 2979 2411 3041 est

440 3039 576 3087 Anno
600 3049 747 3099 1759,
781 3039 858 3087 die
877 3054 934 3103 13
958 3040 1181 3090 Decemb.
1206 3037 1379 3101 vesperi
1400 3040 1518 3088 circa
1538 3040 1693 3087 horam
1715 3038 1940 3089 oStavam.
2185 3072 2210 3077 s

1496 3231 1596 3279 c2
1790 3302 1796 3304 ‚
2147 3204 2154 3210 ⁴
2346 3237 2422 3285 De
