2632 3516
566 876 705 1005 D
809 878 940 1003 o

505 1100 986 1210 NOVAE
1045 1104 1557 1208 HIERO
1588 1103 2288 1209 SOLYMAE

1083 1348 1086 1351 .
1316 1306 1366 1355 D
1458 1306 1500 1359 Ε
1690 1284 1694 1285 ἢ

692 1421 793 1603 F
1106 1467 1169 1601 I
1476 1468 1616 1602 D
1925 1465 2084 1603 E.

446 1708 2343 1776 (amffifflsszffiffiffififflssumfflfflfflawss(ffl-

502 1922 506 1925 -
565 1918 568 1919 ν
642 1869 898 1973 Quod·
923 1868 1147 1951 Fides
1190 1870 1276 1949 fit
1317 1867 1632 1977 Agnitio
1672 1868 1951 1946 interna
1994 1866 2164 1947 veri.

653 2090 664 2098 -
919 2083 966 2116 er
986 2067 1147 2118 Fidem
1170 2067 1306 2116 hodie
1328 2083 1418 2116 non
1443 2067 1564 2116 aliud
1588 2065 2012 2128 intelligitur-‚quam
2025 2063 2254 2127 Cogitatio
2266 2063 2385 2126 quod
2430 2046 2436 2094 ⁸¹

949 2133 1012 2181 ita
1041 2132 1094 2180 fit
1128 2133 1229 2195 quia
1248 2131 1445 2180 Ecclesia
1466 2133 1603 2180 docet
1624 2164 1639 2186 ‚
1674 2130 1723 2176 ἃ
1744 2131 1847 2191 quia
1869 2145 1961 2176 non
1981 2141 2105 2190 patet
2139 2143 2290 2175 coram
2313 2129 2382 2175 in·

823 2214 826 2215 ⁷
952 2195 1157 2253 tellestu3
1191 2197 1355 2243 dicitur
1385 2197 1531 2252 enim,
1564 2192 1700 2241 crede
1729 2194 1779 2241 ἅ
1815 2207 1906 2241 non
1935 2192 2118 2247 dubita3
2149 2190 2181 2237 fi
2201 2191 2383 2252 respon-

758 2291 768 2317 ι,
794 2259 848 2311 {ss
868 2254 910 2321 G}
952 2259 1084 2306 detur
1098 2294 1112 2315 ‚
1147 2260 1234 2306 hoc
1254 2274 1345 2307 non
1366 2257 1724 2321 comprehendo,
1746 2257 1911 2304 dicitur
1933 2256 2053 2318 quod
2075 2255 2182 2302 ideo
2198 2255 2383 2302 creden·
2404 2264 2409 2317 2

649 2333 667 2349 ³
783 2331 835 2364 “a
953 2322 1059 2370 dum
1090 2322 1169 2379 fit3
1202 2337 1334 2384 quare
1365 2323 1580 2371 hodierna
1594 2322 1705 2368 fides
1725 2319 1789 2367 est
1812 2319 1926 2368 fides
1952 2319 2122 2381 ignoti,
2157 2316 2206 2366 ἃ
2227 2321 2383 2370 vocari

725 2397 729 2404 ‘
810 2385 841 2409 ‘⁴
872 2386 911 2446 Ἓξ
953 2384 1097 2448 potest
1116 2385 1228 2433 fides
1250 2401 1392 2436 caeca:
1425 2386 1476 2435 ἃ
1501 2386 1602 2451 quia
1618 2385 1683 2433 est
1705 2383 1926 2432 diftamen
1947 2383 2123 2431 alterius
2143 2382 2189 2429 in
2210 2384 2376 2440 altem,

669 2443 910 2473 ἓ
954 2449 1020 2499 est
1039 2450 1150 2499 fides
1168 2449 1390 2501 historica.
1426 2452 1565 2518 Quod
1585 2450 1683 2498 haec
1705 2463 1796 2497 non
1816 2448 1929 2498 fides
1949 2447 2180 2511 spiritualis
2206 2447 2287 2506 fit,
2311 2450 2379 2497 vi·
2420 2495 2422 2497 ,

405 2511 581 2562 debitur
600 2513 644 2562 iu
660 2513 954 2576 sequentibus.

471 2592 516 2624 2.
554 2577 651 2640 Ipsa
675 2579 788 2627 fides
816 2594 904 2628 non
933 2580 1048 2628 aliud
1071 2578 1162 2638 est,
1196 2594 1327 2644 quam
1362 2576 1533 2641 agnitio
1551 2579 1670 2642 quod
1694 2578 1758 2627 ita
1775 2575 1851 2635 fit,
1885 2577 1987 2640 quia
2008 2577 2074 2626 est
2098 2590 2279 2634 verum3
2312 2578 2377 2627 ita
2414 2579 2418 2597 ³

405 2642 524 2690 enim
546 2643 715 2707 cogitat
735 2643 785 2692 ἃ
806 2645 996 2708 loquitur
1027 2646 1100 2708 qui
1122 2646 1167 2694 in
1186 2644 1277 2706 ipsa
1306 2643 1397 2691 fide
1422 2641 1519 2702 est,
1562 2647 1650 2693 hoc
1669 2658 1826 2691 verum
1845 2641 1908 2691 est
1931 2643 2034 2690 ideo
2065 2643 2241 2699 credo,-·
2262 2641 2378 2691 fides

405 2707 525 2754 enim
546 2706 611 2755 est
641 2709 762 2767 veri,
795 2708 845 2755 ἃ
874 2724 1031 2757 verum
1055 2708 1120 2758 est
1150 2709 1284 2758 fidei:
1318 2709 1354 2757 is
1386 2708 1550 2767 etiam,
1585 2708 1617 2756 fi
1648 2723 1739 2757 non
1771 2707 2111 2770 comprehendit
2145 2706 2264 2771 quod
2298 2722 2376 2755 ve-

406 2787 504 2818 rum
522 2770 600 2828 fit,
632 2773 773 2831 dicit,
806 2788 895 2821 non
918 2772 1008 2825 scio
1036 2790 1141 2822 num
1171 2789 1327 2822 verum
1358 2771 1433 2829 fit,
1466 2773 1571 2822 ideo
1601 2774 1798 2823 nondum
1818 2771 1986 2832 cred03
2016 2772 2248 2836 quomodo
2274 2787 2372 2821 cre-

406 2832 512 2883 dam
533 2838 650 2897 quod
675 2853 762 2885 non
786 2839 1151 2901 comprehendo,
1186 2838 1304 2888 forte
1323 2835 1468 2900 potest
1490 2836 1646 2886 fa'sum
1666 2837 1769 2886 effe‘.
2428 2844 2432 2849 “

473 2916 514 2961 3.
551 2901 638 2948 Sed
666 2902 911 2949 communis
930 2902 1075 2951 sermo
1116 2902 1210 2960 est,
1244 2901 1363 2968 quod
1392 2915 1482 2950 non
1515 2903 1664 2966 aliquis
1694 2902 1825 2965 possit
1846 2902 2227 2965 comprehendere
2247 2901 2374 2964 spiri·

407 2966 542 3013 tualia
564 2964 636 3012 seu
656 2967 937 3032 theologica,
972 2969 1072 3031 quia
1091 2967 1184 3016 suut
1208 2967 1574 3030 supernaturalia:
1607 2968 1680 3016 sed
1712 2983 1820 3015 vera
1840 2968 2078 3031 spiritualia
2098 2982 2370 3028 aeque-com-

405 3030 619 3092 prehendi
650 3030 852 3092 possunt,
889 3031 1263 3093 quemadmodum
1282 3046 1391 3081 vera
1411 3034 1650 3092 naturali33
1680 3031 1730 3080 ἃ
1752 3032 1783 3080 fi
1815 3049 1905 3082 non
1925 3034 2072 3090 clare,
2107 3031 2240 3095 usque
2264 3032 2371 3079 dum

406 3095 661 3147 audiuntur,
694 3097 858 3144 cadunt
880 3096 927 3143 in
950 3098 1287 3160 perceptionem
1313 3111 1418 3144 uum
1451 3112 1557 3145 vera
1578 3097 1660 3146 fint
1678 3099 1751 3146 vel
1770 3113 1884 3156 non,
1921 3098 2011 3145 hoc
2037 3097 2233 3145 maxime
2249 3096 2372 3158 apud

407 3159 500 3206 illos
530 3160 604 3222 qui
630 3159 878 3209 afficiuntur
911 3162 1041 3211 veris.
1119 3164 1226 3213 Hoc
1254 3161 1408 3210 datum
1442 3161 1514 3214 est„
1534 3163 1644 3211 mihi
1674 3162 1785 3211 scire
1816 3179 1872 3212 ex
1903 3165 2043 3211 multa
2073 3162 2372 3224 experientia:

407 3221 562 3273 datum
584 3224 650 3274 est
676 3227 796 3291 loqui
828 3241 930 3277 cum
962 3226 1126 3294 ignaris
1145 3264 1160 3289 ,
1205 3242 1310 3278 cum
1340 3226 1564 3341 obseris,
1601 3243 1705 3279 cum
1735 3226 1944 3293 stupidis,
1966 3231 2029 3292 ,ἂ
2058 3241 2231 3291 quoque
2267 3239 2372 3335 cufi-n

493 3319 498 3323 ·
1499 3307 1526 3340 2
2295 3305 2311 3337 1
2341 3303 2374 3336 ιε
