2632 3516
982 251 1209 314 DE
1353 247 1705 310 FI'D
1818 249 1887 310 E.
2347 271 2415 325 ¹7

343 355 355 364 ·
432 396 486 435 ta
502 397 532 435 a
561 381 792 434 charitate
824 380 947 439 sunt,
978 378 1030 429 c&
1050 380 1141 429 hoc
1165 375 1378 428 hafflnus
1406 376 1661 441 ignoratum
1690 376 1798 437 fuit,
1827 375 1881 427 ὅτ.
1905 390 2081 442 quoque
2103 377 2333 428 occultum
2351 395 2412 430 ex

426 465 519 499 non
540 448 800 512 cognitione
826 446 968 496 sensus
988 445 1218 508 spirimalis
1246 442 1422 502 Verbi,
1454 442 1561 490 ideo
1591 442 1765 492 dabitur
1795 442 1871 493 hic
1904 443 2162 508 Explicatio
2190 446 2408 508 generalis

425 514 555 580 snper
573 514 652 562 illa
675 528 775 577 quae
790 513 836 562 in
857 512 966 573 Cap.
990 510 1097 558 XII.
1118 507 1264 559 ibide
1282 508 1497 556 Dracone
1517 506 1737 556 dicuntur.
2334 563 2345 575 ·

425 579 591 710 21⁵3}
632 578 1042 724 {23:333
1049 571 2398 706 {isssffssffiussssiocffiissr‘ffiric‘issffiffiss²

427 727 487 784 &
526 671 688 784 Lffitila
719 721 816 783 sub
849 723 1081 799 pedibus
1114 722 1256 795 ejus,
1296 723 1356 777 δε
1378 720 1538 794 super
1560 722 1742 792 capite
1765 721 1879 794 ejus
1902 740 2109 778 corona
2130 690 2403 781 stellaruni

422 800 750 859 duodecim:
794 801 849 857 δε
886 803 941 855 in
973 811 1135 854 utero
1170 795 1376 852 habens
1409 796 1663 851 clamavit
1694 797 2028 869 parturiens,
2067 798 2124 853 δε
2162 799 2402 856 cruciata

421 893 630 950 parere.
678 875 755 933 Et
786 875 961 931 visum
993 871 1068 928 ess
1090 871 1239 927 aliud
1261 869 1474 943 signum
1495 871 1554 925 in
1575 869 1763 935 Caelo,
1797 871 1856 927 &
1878 889 2013 928 ecce
2041 871 2227 927 Draco
2250 889 2400 946 mag-

419 967 524 1006 nus
557 949 738 1016 rufus,
774 949 979 1005 habens
1016 946 1215 1020 Capita
1246 944 1486 1018 septem,
1524 943 1583 1000 δε
1616 944 1845 1002 Cornua
1877 945 2115 1019 septem,
2157 946 2215 1002 &
2239 947 2399 1020 super

419 1024 690 1099 capitibus
721 1024 826 1080 suis
858 1021 1187 1079 Diademata
1227 1018 1453 1092 septem.
1514 1017 1591 1084 Et
1627 1019 1822 1076 Gauda
1856 1020 1946 1076 sua
1982 1022 2148 1077 traxit
2181 1023 2399 1079 tertiam

417 1111 631 1172 partem
666 1097 936 1155 stellarum
956 1096 1125 1159 Caeli,
1167 1094 1223 1150 δε
1247 1091 1483 1167 projecit
1504 1093 1617 1148 illas
1641 1095 1698 1150 in
1720 1108 1938 1151 terram.
1979 1094 2053 1151 Et
2078 1096 2266 1151 Draco
2290 1096 2393 1152 ste·

419 1174 488 1228 tit
522 1190 710 1247 coram
743 1173 985 1229 Muliere
1017 1170 1283 1242 paritura,
1323 1181 1385 1223 ut
1406 1165 1694 1242 postquam
1717 1185 2033 1242 pepererat,
2065 1172 2257 1226 faetum
2280 1170 2394 1243 ejus

416 1246 735 1304 devoraret:
778 1247 835 1304 &
870 1246 1085 1320 peperit
1115 1243 1286 1299 filium
1321 1242 1647 1308 masculum,
1686 1245 1783 1327 qui
1815 1244 2058 1318 pasturus
2091 1244 2169 1301 est
2202 1252 2394 1302 omnes

417 1335 610 1393 gentes
643 1322 796 1394 virga
828 1320 1032 1376 ferrea:
1075 1320 1130 1374 &
1174 1330 1358 1389 raptus
1395 1315 1473 1372 est
1494 1316 1652 1374 fastus
1677 1336 1791 1390 ejus
1818 1318 1889 1375 ad
1913 1320 2097 1376 Deum
2121 1320 2177 1375 &
2202 1319 2395 1377 Thro-

416 1413 551 1451 num
584 1394 767 1468 Ipfius.
817 1393 893 1451 Et
914 1393 1122 1450 Mulier
1141 1391 1286 1464 fiagit
1309 1391 1367 1446 in
1391 1390 1694 1455 desertum,
1738 1393 1835 1449 ubi
1857 1393 2022 1451 habet
2045 1395 2231 1450 locum
2253 1412 2397 1468 prae-

454 1483 662 1526 aratum
686 1489 716 1525 a
737 1470 890 1534 De0,
933 1482 995 1524 ut
1017 1465 1093 1523 ibi
1118 1467 1262 1522 alant
1285 1483 1406 1522 eam
1429 1463 1622 1520 diebus
1649 1466 1797 1523 mille
1825 1467 2077 1524 ducentis
2089 1469 2389 1540 sexaginta.

410 1486 489 1599 Et
520 1543 724 1602 saelum
746 1542 824 1600 est
847 1542 1052 1598 bellum
1073 1542 1131 1596 in
1153 1540 1341 1604 Caelo,
1385 1539 1634 1596 Michael
1657 1542 1715 1598 <Sc
1738 1543 1921 1614 angeli
1942 1542 2056 1614 ejus
2078 1557 2392 1616 pugnarunt

414 1634 545 1674 cum
576 1617 868 1681 Dracone,
906 1617 963 1673 δε
987 1617 1177 1672 Draco
1199 1615 1459 1688 pugnavit
1483 1615 1539 1670 &
1566 1615 1749 1687 angeli
1777 1616 1920 1687 ejus:
1963 1619 2022 1674 δε
2043 1636 2156 1673 non
2218 1637 2391 1676 raeva·

411 1691 663 1756 luerunt3
699 1692 755 1748 δε
778 1709 893 1748 non
914 1690 1071 1746 locus
1093 1691 1349 1744 inventus
1372 1689 1592 1744 illorum
1616 1691 1843 1763 amplius
1867 1693 1924 1747 in
1946 1691 2121 1748 Caelo.
2214 1707 2236 1747 t
2258 1711 2390 1750 cum

413 1765 555 1822 vidit
575 1767 765 1822 Draco
788 1763 943 1839 quod
965 1761 1238 1837 projeGius
1266 1764 1325 1818 in
1349 1775 1579 1826 terram,
1600 1764 1960 1841 persequutus
1987 1766 2065 1823 est
2086 1765 2389 1824 Mulierem

414 1858 540 1914 quae
574 1842 790 1915 peperit
822 1840 1012 1896 filium.
1050 1839 1126 1895 Et
1149 1835 1292 1916 data}
1315 1837 1530 1892 mulieri
1552 1837 1677 1894 duae
1700 1840 1799 1896 alae
1827 1841 2020 1927 aquileg
2045 1843 2286 1914 magnae,
2325 1857 2390 1899 ut

414 1915 645 1971 volaretx
663 1917 722 1971 in
756 1913 1032 1970 desertum
1065 1913 1124 1969 in
1157 1910 1346 1968 locum
1377 1910 1566 1976 suum,
1589 1912 1700 1982 ,ubi
1732 1914 1971 1971 aleretur
1994 1915 2071 1971 ibi
2093 1930 2307 1990 tempus
2331 1918 2391 1974 δε

414 2001 665 2062 tempora
694 1990 752 2046 δε
775 1987 1068 2044 dimidium
1091 2000 1335 2060 tempus,
1375 2005 1403 2041 a
1425 1985 1568 2042 facie
1590 1986 1880 2061 serpentis:
1906 1990 1963 2045 δε
1987 1989 2147 2061 ejecit
2170 1991 2391 2064 serpens

410 2061 534 2137 post
557 2064 842 2119 mulierem
865 2078 939 2119 ex
971 2080 1066 2117 ore
1089 2061 1187 2119 suo
1211 2078 1410 2135 aquam
1432 2075 1692 2134 tanquam
1716 2062 1955 2127 flumen,
1977 2080 2037 2119 ut
2060 2065 2205 2120 illam
2229 2085 2258 2120 a
2281 2064 2389 2121 flu-

412 2137 563 2192 mine
596 2137 906 2210 absorptam
939 2135 1174 2191 faceret:
1217 2136 1274 2190 &
1309 2134 1515 2203 adjuvit
1549 2148 1693 2189 terra
1728 2138 2041 2200 mulierem,
2082 2139 2138 2192 &
2172 2142 2387 2210 aperuit

410 2222 556 2266 terra
594 2228 656 2266 os
699 2209 882 2272 suum,
923 2208 981 2264 &
1017 2208 1310 2280 deglutivit
1344 2205 1587 2270 flumen,
1622 2209 1778 2279 quod
1812 2209 1975 2280 ejecit
1998 2210 2166 2266 draco
2187 2230 2258 2266 ex
2286 2230 2386 2270 ore

411 2283 527 2351 suo,
568 2282 642 2337 Et
666 2283 833 2338 iratus
856 2279 934 2336 est
956 2279 1125 2336 draco
1148 2293 1339 2336 contra
1362 2280 1675 2345 mulierem,
1699 2282 1754 2338 &
1780 2281 1950 2338 abivit
1970 2283 2151 2339 facere
2173 2283 2379 2343 bellum

410 2374 541 2412 cum
590 2356 814 2430 reliquis
845 2354 1063 2410 seminis
1097 2353 1241 2425 ejuS,
1281 2352 1692 2411 observantibus
1725 2356 1977 2414 mandata
2006 2358 2147 2424 Dei,
2188 2360 2241 2416 &
2278 2359 2376 2417 ha-

410 2429 665 2487 bentibus
689 2429 1059 2486 testimonium
1072 2427 1202 2500 Jesu
1224 2426 1456 2483 Christi:

475 2539 509 2563 „
546 2519 626 2564 59.
661 2504 779 2552 Haec
805 2503 981 2552 illorum
1014 2501 1271 2565 Explicatio
1299 2499 1366 2550 est
1392 2537 1424 2559 ,‚
1459 2500 1643 2565 Signum
1678 2519 1890 2568 magnum
1917 2504 2057 2554 visum
2074 2506 2143 2556 est
2163 2507 2206 2556 in
2227 2509 2375 2569 Caelo,

413 2605 446 2630 ,‚
479 2569 701 2632 fignificat
732 2567 1049 2619 revelationem
1076 2582 1104 2615 a
1121 2566 1322 2615 Domino
1343 2565 1400 2613 de
1416 2565 1563 2614 futura
1584 2567 1804 2627 Ecclefia,
1839 2570 1889 2620 ἃ
1914 2572 1972 2624 de
1989 2574 2248 2635 receptione
2264 2574 2376 2624 doc-

411 2666 453 2693 „
488 2635 615 2682 trinae
646 2633 765 2697 ejus,
798 2632 849 2682 ἀ
880 2647 909 2680 3
928 2632 1085 2695 quibus
1102 2631 1454 2694 impugnabitur:
1487 2633 1642 2681 mulier
1665 2634 1936 2686 circumdata
1954 2636 2075 2696 sole,
2110 2637 2279 2688 &luna
2300 2639 2380 2690 sub

408 2734 442 2760 ,‚
476 2698 663 2761 pedibus
693 2699 814 2763 ejus,
846 2695 1065 2760 fignificat
1092 2696 1335 2745 Ecclefiam
1353 2731 1367 2752 ,
1394 2711 1499 2759 ‘quae
1528 2711 1556 2745 a
1590 2699 1793 2748 Domino
1821 2701 1868 2750 in
1906 2717 2088 2760 amore,
2122 2702 2173 2752 ἃ
2201 2705 2246 2752 in
2277 2704 2371 2755 fide

411 2799 445 2825 „
479 2762 569 2812 est:
602 2762 653 2812 δι
687 2762 816 2825 super
845 2761 996 2824 capite
1024 2761 1117 2824 ejus
1149 2775 1317 2810 corona
1338 2759 1555 2808 stellarum
1578 2762 1842 2823 duodecim,
1879 2765 2094 2829 fignificat
2113 2767 2373 2831 sapientiam

410 2863 443 2889 „
476 2842 533 2875 ac
564 2827 898 2890 intelligentiam
929 2841 985 2875 ex
1015 2826 1192 2875 Divinis
1213 2826 1330 2873 veris
1350 2824 1468 2887 apud
1490 2825 1611 2876 illos:
1646 2828 1696 2876 δι
1716 2830 1762 2877 in
1782 2842 1909 2879 utero
1930 2833 2121 2891 habens,
2155 2833 2377 2898 fignificat

411 2929 445 2953 ,‚
481 2891 735 2939 nascentem
771 2890 1062 2940 Doelrinam:
1096 2889 1307 2938 clamavit
1337 2891 1607 2952 parturiens,
1641 2891 1692 2941 δι
1722 2895 1919 2944 cruciata
1941 2912 2123 2958 parere,
2157 2898 2378 2962 fignificat

413 2993 446 3017 ‚,
483 2954 771 3031 resistentiam
802 2957 858 3003 ab
888 2955 968 3004 illis
1002 2956 1074 3027 qui
1104 2956 1149 3003 in
1168 2955 1258 3029 ‘ride
1278 2954 1475 3016 separata
1494 2971 1521 3002 a
1545 2957 1760 3006 charitate
1784 2958 1905 3008 sunt:
1941 2960 1992 3010 δι
2014 2963 2155 3011 visum
2175 2963 2242 3012 est
2259 2966 2375 3015 aliud

358 3072 365 3078 ·
409 3054 450 3146 ζ,’
477 3019 1697 3156 &afflata,fi2g055522331050132232125033
1709 3022 2090 3154 ’,υἷξὲῗὲῑξέἷ
2101 3043 2376 3143 ἓῖἓὶῗὲἱὲἓῐ

409 3185 446 3211 ,,
480 3165 529 3199 re
560 3151 771 3201 naturali:
802 3149 969 3199 habens
994 3152 1142 3213 capita
1169 3149 1368 3214 septem,
1402 3149 1620 3213 fignificat
1654 3151 1808 3204 falsum
1829 3155 2100 3208 intellefiium
2122 3160 2290 3209 Verbi:
2324 3157 2375 3206 δι

2211 3259 2242 3281 ,,
2276 3237 2374 3271 cor·
