2632 3516
656 278 1987 346 ‹SCRIPTURASACRAs
2318 303 2353 356 ς

371 428 578 471 externe,
610 411 687 478 qui
708 411 775 463 est
796 411 1025 462 Naturalis
1047 448 1062 473 ,
1097 410 1212 463 inest
1232 448 1247 470 ‚
1282 409 1394 460 ficut
1410 408 1560 458 anima
1581 410 1789 471 corpori,
1823 408 1894 456 ille
1910 406 2055 458 sensus
2076 405 2142 459 est
2162 407 2349 472 Spiritus

371 482 444 546 qui
473 477 678 530 vivificat
707 479 903 528 literam:
936 492 1072 542 quare
1090 478 1163 527 ille
1179 475 1339 526 Sensus
1361 472 1507 538 potest
1527 474 1587 520 de
1606 473 1754 521 Verbi
1781 471 2102 524 Divinitate&
2125 472 2350 528 Sanfflta·

368 541 587 596 te‘testari
597 578 616 604 ,
651 541 703 592 ἃ
723 543 991 593 convincere
1008 543 1146 593 etiam
1168 540 1399 590 hominem
1419 538 1664 588 naturalem
1677 573 1694 598 ,
1727 536 1762 585 fi
1781 538 1877 584 vult
1897 538 2124 591 convinci.

428 675 659 782 Quod
678 677 753 782 in
782 675 1036 756 Verbo
1067 671 1299 796 sensus
1326 668 1716 778 spiritualis
1746 665 1832 746 fit
1848 727 1871 763 ‚
1925 666 2276 751 haetenus

567 844 573 850 -
1215 802 1524 890 ignotus.

433 957 551 1006 Haec
581 958 626 1006 in
653 957 741 1007 hoc
772 957 927 1006 ordine
954 954 1144 1006 dicenda
1174 954 1299 1007 sunt:
1332 955 1371 1004 1.
1400 952 1525 1018 Quid
1545 950 1703 1002 Sensus
1721 949 1982 1014 spiritualis.
2016 950 2076 999 Π.
2113 950 2250 1017 Quod
2273 953 2344 1003 ille

366 1022 525 1071 Sensus
551 1023 596 1071 in
626 1024 834 1071 omnibus
865 1021 915 1073 dt
952 1021 1124 1085 lingulis
1150 1020 1294 1070 Verbi
1320 1018 1387 1068 fit.
1420 1019 1503 1067 ΙΙΙ.
1539 1018 1676 1084 Quod
1706 1033 1763 1066 ex
1782 1017 1859 1066 illo
1878 1015 1956 1075 fit,
1990 1016 2111 1081 quod
2133 1018 2343 1069 Verbum

365 1087 592 1135 Divinitas
612 1086 870 1151 inspiratum
886 1086 963 1145 fit,
983 1102 1038 1135 ac
1058 1086 1104 1133 in
1126 1083 1252 1140 omni
1275 1099 1393 1133 voce
1415 1081 1647 1132 Sanetum.
1667 1082 1758 1131 IV.
1794 1082 1932 1148 Quod
1955 1082 2026 1130 ille
2053 1082 2212 1131 Sensus
2234 1084 2341 1132 hac·

367 1161 494 1198 tenus
522 1152 700 1213 ignotus
722 1151 870 1200 fuerit.
904 1151 971 1201 V.
1004 1151 1066 1199 Et
1087 1148 1206 1213 quod
1227 1164 1319 1208 non
1335 1148 1464 1198 alicui
1485 1146 1672 1212 posthac
1691 1146 1843 1205 detur,
1878 1145 1959 1195 nisi
1980 1146 2056 1210 qui
2074 1148 2120 1196 in
2138 1149 2343 1212 genuinis

364 1214 485 1264 veris
508 1229 535 1263 a
552 1217 756 1264 Domino
777 1214 857 1264 est.
947 1245 951 1248 -

430 1293 476 1337 5.
512 1280 547 1326 Ι.
582 1279 701 1345 Quid
728 1278 873 1345 Senfics
905 1278 1157 1341 Spiritualis:
1190 1278 1347 1328 Sensus
1374 1277 1620 1340 Spiritualis
1639 1292 1731 1326 non
1747 1274 1815 1325 est
1834 1276 1935 1334 ille,
1967 1276 2118 1341 quiex
2141 1276 2262 1326 sensu
2289 1279 2340 1329 li·
2387 1319 2391 1324 .

365 1354 474 1390 terae
498 1342 642 1392 Verbi
658 1346 805 1392 elucet
817 1380 830 1403 ,
852 1342 1029 1407 quando
1047 1343 1144 1404 quis
1161 1342 1373 1394 scrutatur
1394 1342 1444 1391 ἃ
1464 1342 1658 1405 explicat
1676 1342 1886 1390 Verbum
1908 1341 1967 1390 ad
1985 1341 2343 1393 confirmandum

366 1406 575 1455 Ecclefiae
607 1409 832 1470 quoddam
859 1407 1052 1470 dogma,
1086 1406 1159 1454 hic
1178 1405 1320 1455 sensus
1338 1405 1404 1454 est
1426 1406 1568 1454 sensus
1587 1406 1736 1455 Verbi
1754 1405 1945 1454 literalis.
1979 1407 2071 1454 Sed
2092 1406 2235 1456 sensus
2255 1408 2343 1470 spi-

366 1471 532 1520 ritualis
560 1486 651 1520 non
676 1484 861 1535 apparet
890 1472 937 1520 in
962 1469 1084 1520 sensu
1112 1471 1273 1528 literae,
1307 1469 1371 1519 est
1406 1471 1522 1518 intus
1550 1469 1596 1518 in
1616 1470 1717 1529 illo,
1753 1469 1862 1519 ficut
1883 1469 2033 1518 anima
2052 1471 2097 1518 in
2117 1486 2335 1534 corpore,

365 1533 477 1583 ficut
507 1537 723 1599 cogitatio
750 1538 798 1585 in
827 1537 967 1585 oculis
986 1568 1006 1594 ,
1041 1533 1094 1583 δι
1126 1533 1309 1583 affefflo
1337 1536 1382 1584 in
1412 1535 1551 1592 facie,
1585 1548 1683 1598 quae
1714 1548 1853 1582 unum
1871 1546 2034 1597 agunt,
2071 1545 2121 1582 ut
2140 1536 2338 1586 causa&

368 1597 573 1648 effefilus.
621 1601 700 1648 Ille
728 1600 884 1648 Sensus
914 1598 1131 1662 imprimis
1149 1599 1287 1658 facit,
1321 1612 1372 1648 ut
1390 1599 1599 1647 Verbum
1617 1597 1671 1647 fit
1686 1599 1923 1660 Spirituale
1937 1634 1950 1656 ,
1986 1612 2076 1646 non
2094 1600 2233 1648 modo
2251 1617 2336 1664 pro

366 1663 616 1712 hominibus
629 1699 643 1722 ,
678 1663 754 1713 sed
776 1666 913 1714 etiam
929 1678 1013 1728 pro
1035 1663 1228 1726 angelis3
1260 1678 1396 1727 quare
1412 1663 1621 1712 Verbum
1639 1677 1720 1726 per
1741 1664 1863 1714 illum
1881 1662 2068 1712 Sensum
2089 1667 2340 1717 communi-

365 1741 441 1777 cat
466 1743 570 1778 cum
588 1729 730 1778 Caelis.

433 1798 478 1842 6.
511 1796 557 1841 A
590 1794 796 1843 Domino
822 1792 1026 1857 procedit
1053 1792 1299 1852 Cffirrsrs,
1332 1792 1624 1842 summam
1652 1791 1706 1842 ἃ
1740 1792 2039 1853 Numina,
2072 1809 2208 1844 unum
2237 1794 2340 1861 post

367 1860 568 1907 alterum.
602 1859 826 1908 Cffitsssrr.
846 1858 1008 1908 dicitur
1026 1859 1146 1924 quod
1168 1857 1374 1923 procedit
1394 1873 1452 1906 ex
1469 1857 1644 1906 Divino
1662 1857 1836 1907 Amore
1857 1857 1993 1921 Ipfius
2006 1894 2020 1919 ,
2057 1857 2107 1906 δι
2132 1860 2197 1909 est
2209 1861 2343 1911 Divi-

367 1938 475 1971 num
505 1924 700 1974 Bonum:
731 1925 1019 1974 Srmrrmu:
1048 1924 1236 1983 dicitur,
1267 1921 1388 1988 quod
1421 1921 1627 1986 procedit
1660 1937 1717 1972 ex
1738 1922 1907 1972 Divina
1929 1923 2155 1988 Sapientia
2180 1925 2342 1989 lpfius‚

367 1985 419 2036 ἃ
453 1986 519 2035 est
545 1987 766 2038 Divinum
790 1989 989 2037 Verum:
1026 1986 1300 2038 Numina
1321 1985 1387 2037 est
1408 2003 1465 2036 ex
1489 2000 1702 2052 utroque,
1737 1985 1805 2036 est
1821 1988 1996 2037 illorum
2018 1990 2275 2051 complexus
2295 1991 2342 2040 in

367 2051 542 2100 ultimo.
596 2053 760 2117 Angeli
785 2053 937 2116 Regni
955 2051 1139 2102 caelestis
1161 2051 1373 2115 Domini,
1409 2067 1465 2101 ex
1487 2052 1642 2116 quibus
1662 2051 1728 2102 est
1748 2053 1960 2102 Tertium
1983 2053 2055 2103 seu
2076 2056 2342 2116 Supremam

366 2116 535 2167 Caelum
547 2153 560 2176 ,
595 2118 758 2168 suntin
779 2118 953 2168 Divino
971 2118 1093 2182 quod
1111 2116 1318 2182 procedit
1337 2132 1364 2167 a
1381 2118 1612 2175 Domine,
1644 2117 1764 2182 quod
1783 2117 1970 2167 Caeleste
1986 2131 2170 2167 vocatur
2187 2136 2202 2175 ς
2234 2131 2339 2167 narn

364 2180 463 2231 sunt
485 2182 530 2230 in
547 2183 671 2231 bono
696 2182 896 2232 amorisa
916 2183 1145 2233 Domino:
1178 2182 1343 2247 Angeli
1362 2182 1515 2246 Regni
1537 2181 1769 2246 spiritualis
1789 2184 1977 2232 Domini
1990 2185 2076 2241 ‚tex
2096 2183 2251 2244 quibus
2272 2182 2339 2231 est

365 2244 607 2296 secundum
627 2247 699 2296 seu
718 2248 931 2296 Medium
953 2248 1120 2295 Caelum
1133 2282 1147 2303 ,
1169 2245 1267 2295 sunt
1287 2246 1333 2295 in
1358 2247 1532 2295 DIvino
1553 2246 1671 2308 quod
1698 2245 1900 2310 procedit
1923 2262 1951 2294 a
1970 2247 2200 2303 Domin0‚
2219 2248 2341 2310 quod

368 2310 603 2372 spirituale
635 2323 848 2365 vocatur,
883 2310 980 2357 sunt
1010 2311 1131 2357 enim
1163 2310 1209 2357 in
1242 2310 1358 2356 veris
1377 2309 1605 2371 sapientiae
1624 2325 1653 2358 a
1670 2311 1872 2358 Domino
1895 2310 1989 2375 (a):
2021 2310 2244 2359 Homines
2262 2326 2337 2360 au·

366 2384 464 2420 tem
483 2372 689 2421 Ecclesrae
709 2373 754 2420 in
774 2373 984 2430 Mundo,
1016 2371 1113 2419 sunt
1133 2371 1179 2419 in
1203 2371 1376 2420 Divino
1395 2372 1634 2431 Naturali,
1667 2373 1788 2434 quod
1809 2374 1944 2422 etiam
1966 2373 2168 2435 procedit
2188 2389 2214 2423 a
2234 2376 2335 2424 Do-

278 2436 281 2438 ’
366 2437 506 2484 mino.
541 2439 610 2485 Ex
629 2435 696 2484 his
713 2435 930 2499 sequitur,
963 2434 1083 2498 quod
1103 2434 1328 2483 Divinum
1348 2435 1595 2498 procedens
1613 2451 1641 2484 a
1662 2436 1864 2484 Domino
1883 2437 1940 2484 ad
1951 2437 2104 2486 ultima
2125 2438 2223 2497 sua,
2255 2440 2334 2489 de-

367 2500 549 2550 scendat
569 2516 648 2563 per
671 2513 758 2549 tres
780 2500 983 2559 Gradus,
1017 2514 1074 2549 ac
1087 2499 1340 2549 nominetur
1358 2497 1575 2558 Caeleste,
1610 2499 1847 2565 spirituale
1867 2499 1915 2549 ἃ
1938 2501 2173 2551 Naturale.
2206 2505 2340 2554 Divi·

367 2580 474 2614 '¹⁸¹¹'
494 2564 954 2679 {uissidssss’assffi‘t’rssss
973 2563 1434 2678 ἐΐιίἳῑέῖέἓὲξῖῗῆἓ
1445 2575 1683 2678 affl?-
1701 2565 2245 2680 ³23⁸„5‘13‘335022f05233‘
2257 2569 2339 2683 ’ἱέἳ

367 2645 474 2744 1εέἒὲ
484 2645 658 2756 quintio
676 2694 741 2743 est
759 2666 903 2743 in’suo
930 2695 1102 2743 Ultimo
1119 2693 1290 2756 gradu,
1325 2692 1455 2742 estin
1474 2692 1551 2742 suo
1572 2668 1722 2743 Pleno.
1759 2695 1878 2743 Tale
1897 2693 1963 2744 est
1982 2696 2203 2745 Verbum.
2227 2649 2339 2748 ἕσς’

366 2760 414 2809 in
444 2759 600 2808 ultimo
628 2758 706 2807 suo
737 2757 857 2807 sensu
890 2757 955 2807 est
986 2759 1206 2808 Naturale
1223 2794 1238 2817 ,
1271 2757 1317 2806 in
1346 2757 1546 2807 interiori
1568 2757 1634 2807 est
1655 2759 1914 2821 spirituale,
1949 2775 2004 2808 ac
2027 2760 2072 2809 in
2093 2761 2254 2811 intimo
2271 2763 2339 2812 est

366 2822 577 2881 Caeleste,
608 2822 658 2872 ἃ
686 2821 751 2871 est
783 2824 999 2872 Divinum
1028 2824 1073 2871 in
1103 2822 1363 2885 unoquovis.
1410 2822 1548 2890 Quod
1575 2824 1785 2872 Verbum
1821 2826 1907 2874 tale
1929 2823 2011 2883 fit,
2041 2840 2133 2890 non
2153 2840 2340 2891 apparet

370 2888 416 2938 in
444 2887 581 2938 Sensu
609 2889 745 2937 literae
772 2889 889 2951 ejus,
925 2888 999 2952 qui
1032 2885 1097 2936 est
1128 2886 1382 2950 Naturalis,
1421 2902 1478 2937 ex
1505 2887 1658 2949 causa,
1692 2889 1795 2952 quia
1814 2888 1954 2937 homo
1973 2891 2127 2939 mundi
2148 2893 2338 2943 antehac

2245 2972 2337 3009 non

418 3152 477 3201 (a)
503 3155 619 3207 Quod
648 3154 724 3192 duo
753 3155 889 3204 Regna
923 3155 1012 3201 sint,
1042 3166 1089 3194 ex
1120 3157 1259 3206 quibus
1290 3154 1380 3196 Caeli
1403 3156 1626 3204 confistunt,
1655 3167 1818 3207 quorum
1840 3169 1957 3198 unum
1976 3168 2140 3198 vocatur
2159 3161 2334 3208 Regnum

365 3200 542 3251 celeste,
569 3206 728 3247 alterurn
746 3206 916 3257 Regnum
938 3207 1142 3259 spirituale
1156 3236 1167 3255 ,
1194 3207 1372 3247 videatur
1394 3210 1434 3246 in
1453 3219 1573 3260 opere
1595 3212 1643 3249 de
1661 3210 1783 3250 Cano
1804 3220 1858 3248 n·
1875 3212 2052 3251 luri-,nno
2076 3222 2114 3250 n.
2137 3221 2188 3250 20
2207 3210 2253 3249 ad
2273 3212 2339 3250 28.

1317 3260 1425 3321 Ag
