2514 3516
804 263 1810 327 DEDOMINO.
2226 285 2295 336 25

310 409 419 450 κω
451 401 745 454 peccatorum
759 424 775 447 ,
806 389 980 440 constat
1009 407 1069 441 ex
1096 391 1165 440 his
1188 390 1536 455 sequentibus:„
1571 391 1700 453 Jesus
1720 394 1866 457 incepit
1877 391 2096 455 praeuicare
2118 388 2176 446 Β
2192 391 2295 439 dice·

308 458 388 518 re„
420 459 685 506 Pffiutrmtr
712 468 826 512 vos.
864 457 1190 519 appropinquavit
1216 457 1323 503 enim
1354 454 1549 517 Regnum
1578 455 2026 515 Coelorum,‚-Matth.
2060 457 2150 506 IV.
2174 471 2248 517 17.
2261 492 2294 515 „

310 519 440 587 Jesus
467 521 576 567 dixit
587 555 601 576 ,
625 516 765 580 facite
773 518 943 582 frudus
959 522 1101 583 dignos
1115 521 1430 568 Pnzmuzmr-tt
1441 554 1455 576 ,
1482 519 1666 581 jamjam
1673 519 1829 579 securis
1847 523 1902 568 ad
1918 522 2090 570 radicem
2110 522 2295 568 arborum

305 590 443 652 ⁴fricet:
477 586 604 632 omnis
636 585 751 631 arbor
781 600 859 632 non
876 584 1047 647 faciens
1064 581 1252 645 flubium
1272 585 1413 630 bonum
1428 619 1443 641 ‚
1478 582 1719 648 exscinditur
1740 581 2008 646 &inignem
2038 588 2291 648 conjicitur„

312 653 424 700 Luc.
449 649 534 697 111,
555 654 597 701 8.
617 662 665 708 9.
679 684 713 707 „
747 646 877 710 Jffus
897 650 1033 709 dixit,
1064 647 1148 707 nisi
1163 649 1515 697 Pffimrnunm
1534 649 1700 710 egeritis
1713 684 1727 706 ,
1760 663 1893 695 omnes
1906 651 2085 709 peribitis
2106 685 2140 708 „
2175 651 2289 698 Luc.

311 714 441 764 xm.
465 728 506 776 3.
521 729 567 774 5.
581 749 614 772 ‚,
649 711 778 776 Jesus
790 713 1018 777 praedicans
1036 713 1308 774 Evangelium
1329 711 1469 774 Regni
1497 713 1582 760 Dei
1588 728 1609 769 ,-
1640 713 1795 769 dieaens,
1812 713 2016 773 impletum
2032 711 2092 773 est
2110 724 2292 774 tempus,

313 778 371 834 ὅ)
390 780 714 843 appropinquavit
739 781 925 840 Regnum
950 777 1056 836 Dei,
1081 780 1436 827 Pffimrnurrffl
1456 779 1591 839 agite,
1608 774 1664 830 &²
1685 777 1831 824 credite
1848 776 2125 837 Evangelio„
2137 778 2289 825 Marc.

311 844 351 893 Ι.
397 859 470 902 14
516 858 588 902 ¹5·
610 879 644 901 ‚,
680 840 809 902 Jefics
837 840 969 904 emisit
997 840 1226 906 discipulos,
1258 844 1327 904 qui
1356 854 1546 888 exeuntes
1570 842 1845 904 praedicamnt
1874 852 1920 889 ut
1939 842 2291 891 Pffimnzurtffl

313 918 480 970 agerent
496 942 531 966 ,‚
566 910 719 957 Marc.
751 908 838 955 VI.
876 923 948 956 12.
965 943 998 964 ‚‚
1033 908 1163 970 Jesus
1192 909 1299 954 dixit
1317 906 1375 954 ad
1393 904 1622 968 Apostolos,
1660 907 1759 967 quod
1771 907 1859 953 illos
1876 917 2054 969 oporteat
2069 906 2289 968 praedicare

315 977 360 1021 in
393 973 567 1020 Nomine
595 971 728 1035 Ipsius
748 972 1099 1022 PAEnrrr-:n'rrm
1122 970 1172 1020 δι
1195 972 1536 1020 ansstomnt
1561 971 1905 1028 Placen-onum,
1940 973 1983 1017 in
2001 973 2183 1017 omnibus
2195 985 2295 1032 gen·

313 1039 440 1094 tibus,
459 1038 677 1099 incipiendo
693 1053 723 1083 a
746 1038 1057 1099 Hierosolyma„
1089 1039 1204 1085 Luc.
1222 1036 1334 1084 XXI
1343 1037 1403 1085 V.
1423 1049 1501 1097 47.
1517 1069 1555 1093 „
1590 1035 1805 1095 Johannes
1823 1036 2065 1098 predicavit
2083 1032 2293 1097 Baptisma

313 1101 644 1150 Paemuunffi
664 1103 707 1147 in
724 1101 1064 1150 ansstomm
1086 1115 1443 1157 puceu-otum„
1466 1101 1581 1150 Luc.
1603 1101 1683 1147 ΙΙΙ.
1703 1115 1748 1161 3.
1776 1103 1926 1149 Marc.
1948 1101 1986 1147 1.
2004 1114 2052 1159 4.
2073 1115 2154 1162 per
2173 1101 2289 1160 Bap-

309 1165 445 1215 tisma
473 1164 728 1226 intelligitur
763 1167 956 1214 Lavatio
982 1165 1240 1229 spirituaIiS,
1271 1181 1370 1228 quae
1399 1162 1466 1212 est
1485 1181 1513 1213 a
1533 1166 1759 1228 peccatis,
1792 1164 1842 1214 ἀ
1865 1177 2053 1214 vocatur
2074 1165 2287 1228 Regene-

306 1232 442 1279 ratic.
489 1229 764 1278 Describitur
787 1231 1043 1279 Paenitentia
1071 1229 1123 1280 &
1147 1230 1365 1279 Remiffio
1386 1245 1677 1294 peccatorum
1698 1245 1725 1278 a
1749 1231 1950 1279 Domino
1982 1230 2046 1278 ita
2068 1230 2187 1291 apud
2208 1231 2288 1292 Jo-

310 1294 505 1344 hannem
526 1326 560 1353 ‚,
597 1295 647 1342 In
660 1297 821 1357 propria
840 1297 977 1354 venit,
999 1294 1081 1358 sed
1102 1298 1250 1357 proprii
1281 1293 1419 1357 Ipsum
1450 1309 1527 1343 non
1547 1305 1794 1357 receperunt:
1828 1306 2008 1358 quotquot
2029 1310 2122 1342 vero
2141 1308 2290 1356 recepe-

313 1370 408 1407 runt
421 1393 437 1417 ,
468 1359 570 1404 dedit
601 1359 681 1404 illis
702 1356 964 1420 potestatem,
999 1370 1044 1406 ut
1056 1358 1144 1421 filii
1166 1359 1249 1404 Dei
1268 1359 1413 1422 effim,
1449 1361 1698 1407 credentibus
1715 1362 1758 1406 in
1775 1361 1932 1407 Nomen
1955 1359 2108 1421 Ipsius:
2130 1361 2290 1419 quinon

312 1440 367 1472 ex
378 1421 666 1484 sanguinibus,
701 1437 820 1483 neque
845 1437 897 1470 ex
924 1424 1128 1469 voluntate
1157 1424 1290 1469 carnis
1308 1458 1323 1480 ,
1357 1437 1478 1483 neque
1495 1439 1547 1470 ex
1572 1424 1772 1469 voluntate
1789 1426 1898 1478 viri,
1921 1422 2000 1485 sed
2019 1439 2070 1469 ex
2091 1422 2181 1468 Deo
2198 1424 2289 1469 nati

300 1486 406 1551 fiant
419 1522 452 1545 ,‚
486 1487 520 1534 1.
550 1501 572 1534 1
586 1501 624 1534 1.
648 1499 721 1534 12.
744 1500 799 1548 13
811 1502 830 1544 ,-
861 1501 941 1548 per
958 1488 1162 1549 proprios
1184 1486 1511 1549 intelliguntur,
1547 1487 1621 1549 qui
1644 1500 1751 1535 tunc
1772 1488 1830 1534 ab
1850 1485 2071 1543 Ecclefia‚
2088 1487 2165 1534 ubi
2188 1500 2287 1534 erat

313 1550 547 1600 Verbum:
578 1566 659 1614 per
684 1549 801 1598 filios
824 1550 940 1608 Dei,
974 1550 1026 1599 &a
1052 1551 1286 1604 credentes
1310 1552 1356 1599 in
1386 1550 1575 1599 Nomen
1606 1549 1765 1613 Ipfius,
1799 1550 2101 1614 intelliguntur
2135 1551 2281 1613 quiin

312 1615 562 1667 Dominum
581 1614 794 1672 credunt,
814 1612 865 1662 ἃ
890 1614 963 1676 qui
985 1615 1147 1664 Verbo
1171 1615 1379 1663 credunt:
1414 1631 1492 1676 per
1511 1614 1744 1678 sangviues
1762 1616 2062 1678 intelliguntur
2081 1614 2290 1663 falfifiea·

306 1681 458 1734 tiones
481 1679 660 1735 Verbi,
689 1675 740 1725 δι
759 1677 1120 1728 confirmationes
1138 1679 1233 1727 falfi
1250 1694 1332 1741 per
1347 1680 1475 1728 illud:
1511 1680 1732 1728 Voluntas
1758 1680 1903 1728 carnis
1922 1715 1935 1736 ‚
1970 1678 2035 1727 est
2058 1681 2286 1744 proprium

310 1744 608 1812 voluntarium
635 1741 854 1808 hominis!
890 1743 1011 1805 quod
1028 1743 1075 1792 in
1099 1743 1144 1792 se
1164 1742 1230 1792 est
1252 1745 1439 1792 malum:
1478 1744 1699 1792 Voluntas
1716 1744 1826 1802 viri,
1861 1742 1926 1791 est
1954 1745 2183 1807 proprium
2211 1745 2284 1793 in·

313 1807 561 1858 telleEtuale
579 1807 794 1865 hominis,
828 1806 948 1871 quod
970 1809 1017 1858 in
1036 1808 1082 1856 se
1105 1808 1173 1858 est
1197 1807 1371 1858 falsum:
1403 1809 1498 1856 nati
1520 1823 1548 1857 a
1568 1809 1700 1868 Dec,
1736 1807 1832 1856 sunt
1852 1808 1927 1871 qui
1948 1824 1974 1856 a
1993 1809 2194 1858 Domino
2213 1825 2286 1858 re-

314 1874 515 1940 generati
537 1872 655 1921 sunt:
689 1873 757 1919 Ex
782 1871 848 1921 his
864 1884 1014 1935 patet.
1045 1873 1166 1938 quod
1186 1875 1246 1922 illi
1269 1873 1519 1934 salventur,
1553 1875 1628 1939 qui
1648 1874 1695 1923 in
1715 1876 1837 1924 bono
1854 1874 2017 1938 amoris
2040 1873 2090 1924 δι
2111 1876 2157 1924 in
2173 1875 2291 1926 veris

318 1938 432 2003 fidei
451 1938 549 1988 sunt
571 1954 599 1988 a
620 1937 848 1998 Domine,
881 1937 933 1987 δι
952 1952 1043 1988 non
1062 1939 1138 2002 qui
1162 1940 1208 1989 in
1225 1939 1422 2003 propriu.
2044 1938 2049 1942 ’

459 2065 693 2175 Quod
722 2068 1064 2149 Dominus
1106 2069 1339 2178 quoad
1381 2070 1724 2175 DIvirtum
1770 2072 2160 2151 Humanum

580 2176 860 2261 dicatur
883 2177 1103 2258 Filius
1130 2179 1307 2270 Dei,
1362 2178 1451 2259 &⁸
1471 2180 1699 2286 quoad
1724 2179 2015 2261 Verbum

876 2285 1158 2366 dicatur
1189 2285 1409 2367 Filius
1440 2288 1747 2368 hominis.

322 2454 702 2576 ¹⁹·I⁰v?0⁶1251¹}²
722 2453 950 2571 ’ὲῖωέὲᾶ
961 2454 1752 2572 as‘sse‘ssfoaaqssssffsswffldfffffffiffl
1770 2455 1829 2572 {¹2
1841 2455 2296 2571 “1235531133533223

319 2599 500 2636 aeterno.
531 2585 645 2635 Hoc
671 2558 775 2650 {uia
804 2583 1105 2635 universaliter
1122 2599 1353 2648 receptum
1368 2559 1467 2647 est,
1499 2587 1551 2636 ἆ
1572 2589 1631 2636 de
1653 2589 1761 2637 Deo
1774 2624 1788 2645 ‚
1822 2603 1912 2636 non
1933 2588 2040 2636 data
2062 2585 2127 2635 est
2152 2587 2289 2649 copia

320 2667 378 2700 ac
398 2650 528 2699 venia
545 2650 772 2714 cogitandi
793 2651 852 2699 de
869 2665 928 2698 eo
951 2664 1008 2699 ex
1025 2651 1173 2714 aliquo
1200 2651 1451 2710 intelle&u‚
1485 2667 1543 2700 ne
1563 2652 1745 2716 quidem
1762 2653 1851 2711 ita,
1887 2653 1990 2714 quid
2014 2651 2078 2700 est
2095 2651 2214 2702 nasci
2232 2653 2291 2701 ab

323 2728 516 2774 aetern03
547 2731 654 2764 nam
681 2717 756 2778 qui
792 2714 964 2779 cogitat
996 2715 1055 2764 de
1071 2731 1129 2764 eo
1149 2732 1206 2764 ex
1230 2716 1477 2775 intelle6ku‚
1510 2720 1693 2767 omnino
1710 2718 1859 2767 secum
1878 2717 1998 2767 dicet
2015 2753 2032 2776 ‚
2065 2716 2156 2766 hoc
2173 2729 2294 2765 tran·

325 2779 523 2838 stendit,
554 2779 629 2828 sed
665 2780 796 2843 usque
818 2781 922 2829 dico
952 2781 1054 2843 quia
1083 2780 1268 2839 dicunt,
1304 2781 1356 2830 ἀ
1380 2783 1519 2830 credo
1537 2783 1640 2846 quia
1656 2783 1856 2832 credunt.
1890 2785 1956 2831 At
1974 2783 2136 2841 sciant,
2171 2781 2299 2847 ω

310 2843 941 2913 nonofi-ttfiliueabffite-rtto
954 2880 986 2903 .-
999 2843 1089 2897 osted*
1101 2845 1228 2907 quod
1240 2845 1297 2894 fit
1316 2847 1618 2908 Dominusssb
1630 2863 1829 2914 aes-etue.
1861 2846 1971 2895 dum
1994 2846 2153 2904 scitur,
2183 2845 2295 2910 quid

323 2910 544 2958 Dominus
559 2945 573 2966 ‚
607 2903 657 2957 ἃ
685 2908 791 2971 quid
821 2902 978 2967 Pinus,
1012 2909 1159 2972 potest
1179 2911 1315 2958 etiarn
1345 2927 1401 2959 ex
1419 2909 1640 2960 intellefiiu
1662 2913 1865 2976 cogitare
1882 2912 1941 2960 de
1958 2913 2064 2961 Deo
2081 2910 2290 2971 Truin0‚

323 2972 373 3023 δι
396 2989 486 3037 non
513 2974 644 3036 prius.
680 2974 820 3040 Quod
841 2975 1104 3022 Humanum
1122 2975 1312 3024 Domini
1332 2988 1603 3038 conceptum
1621 2993 1648 3026 a
1667 2976 1874 3041 Jehovah
1891 2978 2024 3026 Patre
2036 3013 2052 3037 ‚
2065 2975 2116 3025 ἃ
2134 2988 2291 3024 natum

324 3056 354 3089 a
371 3039 523 3087 Maria
544 3038 747 3100 virgine,
770 3038 823 3087 fit
851 3039 985 3086 Filius
1004 3038 1124 3097 Dei,
1160 3053 1285 3103 patet
1306 3040 1541 3090 manifeste
1562 3059 1618 3092 ex
1637 3043 1705 3094 his
1722 3042 2027 3107 sequentibus:
2058 3040 2179 3104 apud
2201 3043 2289 3090 Lu·

324 3119 470 3160 cam„
509 3101 658 3165 Miffies
690 3102 748 3161 ell
778 3103 959 3165 Angelus
995 3103 1161 3151 Gabriel
1175 3122 1201 3152 α
1223 3105 1312 3154 Deo
1336 3108 1378 3152 in
1401 3108 1537 3154 urbem
1563 3108 1768 3166 Galilaeoe,
1801 3109 1867 3154 cui
1889 3122 2027 3155 nomen
2046 3107 2287 3163 Nazareth,

327 3169 384 3216 ad
401 3168 612 3231 Virginem
633 3165 900 3232 desponsatam
918 3169 1031 3228 viro,
1066 3171 1130 3218 cui
1146 3185 1284 3220 nomen
1305 3168 1456 3284 Jlgsepb
1476 3188 1499 3220 e
1516 3173 1627 3234 domo
1642 3172 1847 3234 Davidis,
1871 3187 2011 3222 nomen
2030 3182 2164 3220 autem
2185 3168 2282 3242 Vir·

2213 3247 2279 3293 3¹·
