2502 3432
277 198 360 261 26
536 198 644 259 DE
690 193 1298 263 TELLURIBUS
1351 218 1432 265 m
1475 198 1994 269 UNIVERSO.

270 325 617 383 intellexerunt3
666 325 738 375 sed
781 327 930 377 mirati
969 328 1087 387 sunt,
1126 326 1273 394 quod,
1295 343 1422 383 ,cum
1465 329 1675 382 homines
1714 330 1867 389 essent,
1914 329 2188 382 substiterint
2218 330 2266 384 in

272 391 454 447 mediis,
492 409 542 440 ac
566 394 845 456 praetulerint
878 394 982 443 talia
1018 411 1124 459 quae
1164 395 1219 442 ad
1260 394 1519 461 sapientiam
1550 398 1743 457 ducunt,
1790 398 1870 464 ipfi
1912 398 2176 462 sapientiae3
2216 400 2267 450 δτ

272 458 398 520 quod
425 474 515 506 non
540 461 738 508 viderint
776 460 904 524 quod
945 463 1216 526 immergere
1250 462 1337 511 illis
1369 474 1591 522 mentem,
1638 465 1686 512 δι
1713 479 1805 513 non
1844 463 1963 513 ultra
1998 465 2039 513 se
2076 466 2267 529 elevare,

275 523 379 571 effet
403 525 659 573 inumbrare
681 528 731 574 ὅτ.
755 542 992 575 occaecare.

344 590 419 653 63.
458 591 665 655 Qidam
707 592 883 656 spiritus
920 609 976 640 ex
1006 591 1211 640 inferiore
1238 607 1353 642 terra
1388 594 1623 643 ascendens
1661 595 1833 644 adme
1868 597 2009 655 venit,
2057 597 2106 645 ὅτ
2131 597 2267 655 dixit,

272 657 400 718 quod
424 658 647 705 audiverit
671 658 744 706 illa
765 674 871 722 quae
895 675 1004 706 cum
1029 659 1124 706 aliis
1149 659 1373 722 spiritibus
1397 661 1612 725 loquutus
1637 661 1753 719 sum,
1793 661 1866 710 sed
1899 664 2024 726 quod
2062 679 2153 711 non
2187 663 2267 711 ali-

273 723 386 783 quid
413 723 681 770 intellexerit
711 740 816 787 quae
841 725 958 771 dicta
993 724 1093 772 sunt
1125 725 1181 771 de
1205 727 1298 773 vita
1331 725 1547 789 spirituali
1580 729 1628 775 δε
1662 727 1757 791 ejus
1787 728 1921 784 luce3
1958 730 2267 794 interrogaba-

272 798 349 833 tur
373 804 484 835 num
513 790 570 836 de
592 789 667 836 illa
695 789 851 836 instrui
876 789 1028 846 vellet,
1070 790 1245 838 dicebat
1277 793 1403 854 quod
1442 809 1532 840 non
1569 809 1624 840 eo
1654 795 1806 840 animo
1828 796 2034 851 venerit;
2075 811 2131 842 ex
2169 809 2265 860 quo

273 853 541 901 concludere
565 855 711 918 potui,
756 855 882 919 quod
908 872 998 903 non
1024 855 1124 904 talia
1148 870 1353 920 caperet·,
1395 868 1486 907 erat
1509 859 1637 906 valde
1661 858 1898 923 stupidus:
1947 860 2177 909 dicebatur
2210 861 2269 909 ab

272 919 485 981 Angelis,
537 921 664 984 quod
702 921 792 978 ille,
833 937 942 970 cum
981 923 1026 970 in
1065 924 1241 971 mundo
1274 925 1388 971 vixit
1428 925 1586 981 homo,
1628 922 1763 972 fuerit
1808 925 1923 972 inter
1961 925 2267 975 celebratiores

273 998 460 1049 propter
497 987 828 1036 eruditionem:
875 1001 968 1036 erat
1006 987 1220 1052 frigidus,
1258 990 1382 1053 quod
1417 991 1472 1038 ab
1508 991 1657 1037 afflatu
1700 988 1927 1039 manifeste
1965 991 2229 1040 sentiebatur
2249 1015 2267 1051 3

273 1052 398 1113 quod
424 1051 604 1115 signum
630 1067 719 1101 erat
743 1054 928 1102 luminis
954 1071 1073 1102 mere
1107 1057 1335 1112 naturalis,
1375 1058 1422 1104 &
1447 1057 1614 1104 nullius
1639 1055 1875 1120 spiritualis
1899 1079 1914 1114 ς
1951 1058 2013 1106 ita
2035 1058 2162 1121 quod
2186 1071 2268 1124 per

271 1116 470 1166 scientias
506 1136 597 1167 non
629 1123 866 1183 aperuerit,
904 1121 976 1168 sed
1014 1121 1248 1169 occluserit
1272 1122 1352 1169 fibi
1375 1123 1496 1170 viam
1527 1123 1584 1169 ad
1607 1123 1756 1170 lucem
1781 1123 1903 1170 coeli.

337 1184 418 1244 64.
458 1186 579 1244 Quia
615 1186 776 1234 incolae
799 1186 997 1235 Telluris
1021 1188 1153 1249 Jovis
1187 1205 1269 1251 per
1291 1189 1421 1236 aliam
1447 1191 1569 1235 viam
1593 1188 1672 1235 fibi
1698 1188 2040 1252 intelligentiam
2078 1202 2266 1252 compa·

269 1261 384 1306 rant,
420 1266 559 1314 quam
584 1252 746 1301 incolae
770 1252 933 1300 nostrae
955 1254 1174 1310 TelluriS,
1212 1255 1261 1302 &
1286 1265 1498 1316 praeterea
1530 1253 1612 1300 alia
1645 1253 1796 1301 indole
1820 1254 1921 1301 sunt
1943 1269 1999 1301 ex
2021 1253 2132 1311 vita,
2162 1257 2267 1302 ideo

268 1331 362 1362 non
386 1316 567 1379 possunt
591 1318 671 1364 diu
704 1319 838 1364 simul
870 1318 969 1375 effe,
1012 1317 1084 1365 sed
1109 1319 1182 1364 vel
1219 1320 1405 1380 fugiunt
1443 1318 1544 1364 illos
1582 1318 1658 1364 vel
1697 1328 1934 1365 removent
1966 1318 2080 1366 illos.
2149 1320 2268 1368 Sunt

268 1380 473 1443 sphaerae,
510 1398 615 1445 quae
640 1382 826 1445 sphaerae
847 1382 1092 1446 spirituales
1117 1385 1355 1440 vocandae,
1386 1398 1493 1446 quae
1515 1398 1570 1430 ex
1591 1384 1848 1446 unoquovis
1874 1382 2029 1447 spiritu
2054 1386 2268 1449 continue

267 1460 494 1504 emanant,
534 1449 630 1495 imo
655 1450 885 1496 exundant
908 1471 923 1504 3
957 1449 1106 1497 fluunt
1129 1465 1186 1497 ex
1208 1449 1357 1497 aftivo
1387 1448 1679 1498 affectionum
1703 1450 1752 1496 &
1774 1449 1881 1497 inde
1916 1450 2265 1514 cogitationum,

266 1513 329 1560 ita
364 1529 421 1560 ex
467 1512 558 1578 ipsa
597 1515 689 1563 vita
710 1515 842 1577 (cc)·,
897 1515 1241 1563 consociationes
1285 1517 1331 1563 in
1366 1515 1500 1562 altera
1528 1515 1625 1562 vita
1658 1531 1816 1563 omnes
1852 1515 1970 1563 fiunt
2018 1514 2265 1565 secundum

267 1578 475 1642 sph'aeras,
508 1596 615 1643 quae
637 1581 915 1629 concordant
957 1579 1297 1645 conjunguntur
1329 1579 1578 1627 secundum
1615 1581 1998 1637 concordantiam,
2039 1597 2144 1646 quae
2176 1580 2266 1630 dis-

267 1645 457 1692 cordant
513 1659 804 1693 removentur
850 1645 1098 1693 secundum
1135 1645 1498 1692 discordantiam.
1568 1645 1760 1707 Spiritus
1799 1647 1848 1692 δε
1873 1646 2062 1708 Angeli,
2108 1649 2189 1710 qui
2238 1663 2264 1694 a

266 1710 452 1758 Tellure
476 1712 609 1772 Jovis
634 1710 751 1768 sunt,
793 1710 991 1759 referunt
1024 1712 1070 1758 in
1110 1711 1324 1758 Maximo
1347 1710 1556 1757 Homine
1587 1710 2004 1758 IMAGmATivum
2030 1711 2265 1760 Coox‘rA-

267 1791 464 1834 Tloms,
497 1778 547 1824 &
572 1776 632 1824 fic
661 1775 824 1824 statum
860 1778 1061 1824 affivum
1101 1778 1298 1840 partium
1336 1776 1637 1831 interiorum;
1684 1775 1847 1824 nostrae
1886 1787 2039 1824 autem
2061 1774 2263 1826 Telluris

266 1841 443 1906 spiritus
468 1841 662 1890 referunt
687 1838 827 1890 varias
851 1842 1102 1890 funffiones
1127 1845 1323 1907 partium
1348 1843 1622 1890 exteriorum
1646 1843 1862 1905 corporiS,
1905 1852 2011 1905 quae
2044 1854 2151 1891 cum
2176 1842 2261 1892 do-

266 1909 427 1956 minari
450 1909 858 1966 voluntsaffivum
882 1908 953 1957 seu
978 1909 1322 1972 imaginativum
1348 1908 1636 1972 cogitationis
1661 1907 1716 1955 ab
1740 1908 1938 1957 interiori
1961 1924 2054 1957 non
2076 1910 2262 1969 influere

265 1974 410 2038 potest
430 1994 440 2023 :
480 1975 585 2023 inde
608 1976 935 2039 oppugnantiae
956 1975 1072 2023 inter
1096 1975 1287 2038 sphaeras
1311 1976 1421 2021 vitae
1446 1975 1688 2037 utriusque.

336 2042 415 2103 65.
453 2041 600 2098 Quod
623 2041 800 2089 cultum
823 2058 981 2090 eorum
1006 2042 1233 2094 Divinum
1268 2043 1441 2098 attinet,
1479 2040 1723 2104 principale
1746 2038 1825 2097 est,
1865 2039 1993 2103 quod
2016 2037 2260 2102 agnoscant

265 2105 524 2155 Dominum
560 2107 762 2155 nostrum
793 2124 876 2172 pro
899 2108 1142 2172 Supremo,
1178 2107 1278 2166 Qui
1312 2107 1428 2169 regit
1451 2106 1641 2152 Coelum
1674 2107 1721 2155 &
1746 2107 1956 2161 Terram,
1998 2104 2140 2151 Illum
2173 2118 2259 2152 vo-

265 2185 370 2220 cant
394 2173 604 2221 Unicum
622 2175 914 2230 Dominum3
955 2177 1003 2222 &
1026 2176 1133 2238 quia
1157 2175 1201 2222 in
1227 2174 1321 2220 vita
1341 2171 1541 2236 corporis
1563 2170 1718 2235 Ipsum
1742 2170 1989 2235 agnoscunt
2010 2171 2061 2217 &
2080 2169 2259 2232 colunt,

264 2239 369 2287 inde
411 2240 565 2303 Ipsum
616 2254 830 2304 quaerunt
870 2240 970 2304 post
1006 2253 1219 2296 mortem,
1265 2255 1316 2286 ac
1362 2238 1630 2293 inveniunt3
1685 2237 1749 2286 est
1795 2238 1919 2285 idem
1958 2251 2066 2283 cum
2107 2235 2259 2284 nostro

264 2304 485 2351 Domino.
557 2307 822 2368 interrogati
861 2307 977 2362 sunt,
1015 2322 1126 2353 num
1163 2307 1299 2353 sciant
1341 2304 1468 2366 quod
1509 2303 1689 2350 Unicus
1711 2303 1941 2350 Dominus
1981 2302 2034 2349 fit
2071 2302 2257 2358 Homo,

266 2369 606 2434 responderunt,
643 2372 769 2434 quod
810 2371 955 2418 sciant*
987 2387 1146 2429 omnes
1178 2370 1306 2433 quod
1330 2370 1497 2417 Homo
1530 2367 1601 2428 fit,
1641 2369 1747 2430 quia
1781 2369 1828 2414 in
1863 2367 1971 2415 orbe
2010 2363 2194 2414 illorum
2232 2383 2258 2415 a

267 2436 421 2483 multis
447 2434 566 2483 visus
589 2436 651 2484 est
686 2450 738 2484 ut
763 2437 964 2492 Homo3
1004 2436 1053 2484 ὅτ
1076 2437 1202 2499 quod
1227 2434 1308 2483 Ille
1348 2434 1532 2482 instruat
1571 2431 1672 2480 illos
1706 2432 1762 2480 de
1795 2434 1996 2489 veritate,
2028 2431 2258 2480 conservet

264 2502 380 2558 illos,
407 2504 455 2550 δε
481 2504 605 2567 quod
632 2504 708 2550 det
731 2505 875 2550 vitam
897 2515 1112 2550 aeternam
1137 2502 1240 2559 illis,
1281 2502 1361 2565 qui
1393 2516 1450 2548 ex
1473 2499 1594 2546 bono
1616 2498 1772 2546 colunt
1794 2497 1962 2563 Ipsum.
2037 2498 2259 2546 Dicebant

267 2569 479 2631 amplius,
528 2570 656 2632 quod
693 2569 749 2616 ab
788 2569 893 2632 Ipso
926 2569 1011 2616 illis
1052 2569 1298 2616 revelatum
1342 2566 1411 2623 fit,
1452 2565 1691 2629 quomodo
1726 2566 1901 2622 vivent,
1937 2566 1986 2612 &
2019 2561 2257 2630 quomodo

266 2635 480 2684 credent:
529 2637 577 2683 &
610 2636 735 2699 quod
778 2636 825 2682 id
847 2634 990 2698 ‘quod
1017 2634 1262 2682 revelatum
1294 2632 1374 2692 est,
1414 2649 1439 2680 a
1472 2630 1728 2695 parentibus
1761 2630 1962 2678 tradatur
2000 2630 2165 2699 liberis,
2205 2629 2257 2677 ὅτ,

268 2700 374 2747 inde
396 2715 576 2749 emanet
602 2702 804 2749 doftrina
827 2701 886 2762 ad*
908 2718 1068 2764 omnes
1091 2699 1296 2757 familias,
1339 2700 1387 2745 δε
1411 2698 1470 2745 s1c
1495 2699 1540 2744 in
1565 2709 1706 2744 totam
1733 2709 1915 2759 gentem
1938 2713 2043 2760 quae
2075 2697 2138 2765 ab
2162 2707 2255 2741 uno

266 2778 401 2825 patre.
474 2768 738 2824 Addebant,
772 2761 1129 2831 quod'videa't'u'r
1160 2767 1246 2814 illis
1269 2765 1382 2815 ficut
1413 2763 1598 2811 habeant
1623 2763 1874 2810 doftrinam
1913 2761 2137 2809 mentibus
2169 2755 2256 2806 suis

264 2830 547 2894 inscriptam;
580 2834 706 2898 quod
724 2833 1006 2882 concludunt
1029 2850 1084 2881 ex
1107 2850 1179 2891 eo,
1198 2833 1302 2896 quia
1325 2831 1580 2896 percipiunt
1603 2829 1724 2877 illico
1738 2830 1787 2876 &
1804 2828 2049 2893 agnoscunt
2062 2826 2172 2872 ficut
2191 2838 2251 2934 {x

2208 2905 2250 2945 e,

323 3014 407 3070 (cc)
439 3013 563 3067 Qud
592 3016 739 3067 sphaera
766 3019 990 3070 spiritualis,
1019 3032 1108 3071 quae
1139 3017 1195 3058 est
1229 3016 1374 3069 sphaera
1392 3016 1503 3065 vitae,
1533 3014 1670 3055 effluat
1689 3013 1727 3054 δι
1747 3010 1922 3052 exundet
1951 3020 2002 3046 ex
2028 3005 2250 3060 unoquovis

264 3071 444 3118 homine,
483 3071 634 3124 spiritu,
657 3072 695 3112 &
716 3075 877 3127 angele,
906 3075 945 3115 ὅτ
968 3074 1239 3127 circumstipet
1264 3072 1367 3119 illos,
1402 3072 1599 3124 n:4464.
1628 3082 1756 3126 5¹79·
1789 3078 1913 3124 7454·
1952 3061 2075 3128 QOt}
2108 3062 2248 3103 effluat

261 3145 314 3172 ex
336 3130 416 3170 vita
440 3126 659 3168 affee'tionis
683 3128 720 3168 &
755 3130 846 3169 inde
866 3132 1125 3184 cogitationis
1159 3143 1318 3176 eorum,
1349 3142 1378 3168 n
1398 3143 1408 3167 ;
1429 3129 1555 3183 2489.
1577 3127 1707 3179 4464·
1729 3124 1856 3166 6206·
1917 3117 2042 3171 QOd
2064 3133 2104 3160 ¹¹¹
2128 3120 2250 3161 altera

266 3189 346 3229 vita
375 3185 689 3237 consociationes
718 3183 818 3227 fiant
847 3186 1070 3228 secundum
1092 3188 1273 3241 sphaeras,
1298 3184 1339 3226 &
1369 3197 1529 3238 quoque
1555 3179 1862 3229 diffeciationes,
1899 3177 2100 3221 11:6206.
2120 3176 2250 3236 9606·

261 3246 389 3301 9607.
411 3255 570 3300 ³0312·
