2514 3516
233 241 328 319 -516
517 241 629 300 Dr„
674 217 1279 304 TELLURmus'
1328 264 1405 306 m
1446 241 1955 306 UNWERso.

310 380 416 423 141.
454 365 721 430 Interrogati
746 367 845 415 sunt
867 368 924 416 de
939 370 1049 417 *Deo
1082 385 1221 433 quern
1246 370 1457 426 colerent,
1492 370 1547 417 ad
1571 370 1696 433 quod
1722 369 2056 434 respondebant,
2091 370 2219 434 quod

220 431 433 478 colerent
453 433 605 479 Deum
631 434 850 481 visibilem
884 437 931 483 δε
956 436 1238 491 invisibilem,
1281 438 1434 483 Deum
1457 436 1674 483 vifibilem
1711 436 1790 483 sub
1815 438 2029 484 Humana
2054 435 2216 492 forma,

238 512 289 541 ac
314 497 465 543 Deum
503 499 770 547 invisibilem
801 516 890 547 non
927 501 1007 547 sub
1040 502 1187 564 aliqua
1217 500 1395 557 forma3
1434 502 1485 549 δε
1517 514 1803 564 compertum
1848 502 1911 548 est
1947 518 2002 548 ex
2045 502 2220 565 loquela

235 578 414 618 eorum,
454 564 502 610 δε
527 581 708 627 quoque
746 581 802 612 ex
838 566 946 613 ideis
971 568 1254 630 cogitationis
1279 583 1437 614 eorum
1478 583 1655 614 mecum
1698 569 2060 624 communicatis,
2094 568 2222 630 quod

238 628 366 676 Deus
391 629 574 676 vifibilis
609 631 712 678 effet
740 631 845 694 -Ipse
881 632 1030 679 noster
1067 634 1310 688 Dominus,
1343 634 1391 680 &
1415 649 1597 696 quoque
1621 632 1770 696 Ipsum
1809 635 2028 681 vocabant
2050 634 2215 681 Domi-

240 709 366 741 num.
439 696 519 742 Ad
555 696 653 743 haec
675 695 939 759 respondere
963 697 1119 745 datum
1144 698 1222 753 est,
1264 701 1389 760 quod
1412 700 1547 745 etiam
1587 701 1630 744 in
1671 698 1815 747 nostra
1842 700 2025 746 Tellure
2050 699 2223 746 colatur

243 761 366 808 Deus
391 761 619 808 invisibilis
643 763 693 809 δε
718 763 918 819 visibilis,
952 764 1001 810 ὅτ
1026 763 1150 826 quod
1174 766 1296 810 Deus
1331 764 1560 810 invisibilis
1595 766 1770 811 dicatur
1794 765 1937 821 Pater,
1962 767 2013 813 &
2036 765 2219 812 visibilis

242 826 504 880 Dominus;
547 827 617 873 sed
642 828 766 890 quod
791 842 979 892 uterque
1018 845 1161 876 unum
1205 830 1304 883 lint,
1345 829 1455 875 licut
1492 829 1587 891 Ipse
1626 830 1797 884 docuit,
1840 831 2050 887 dicendo,
2093 831 2222 893 quod

242 891 433 953 speciem
459 893 603 939 Patris
627 909 856 956 nunquam
883 895 1093 950 viderint,
1135 908 1177 941 at
1201 895 1326 957 quod
1351 897 1481 958 Pater
1519 896 1566 941 δε
1594 894 1689 957 Ipse
1715 911 1858 940 unum
1880 896 1980 952 sint,
2023 899 2069 943 ἃ
2093 897 2220 959 quod

239 959 470 1018 qui-videt
496 958 642 1020 ipsum
669 960 817 1007 videat
839 960 1036 1018 Patrem,
1071 962 1120 1007 δε
1145 961 1269 1023 quod
1293 959 1423 1007 Pater
1463 962 1507 1006 in
1538 960 1640 1022 Ipso
1679 961 1728 1007 &
1765 960 1858 1022 lpse
1895 964 1940 1007 in
1966 962 2094 1008 Patre
2133 961 2185 1007 fit
2204 983 2221 1014 ·,

189 1052 210 1083 ἱ
226 1022 561 1086 consequenter
583 1024 707 1087 quod
735 1039 980 1089 utrumque
1002 1027 1047 1072 id
1067 1027 1289 1073 Divinum
1313 1027 1358 1072 in
1384 1041 1471 1072 una
1487 1025 1676 1072 Persona
1700 1026 1765 1072 lit.
1814 1028 1953 1083 Quod
1971 1027 2051 1073 illa
2076 1026 2218 1089 Ipslus

229 1090 434 1138 vDomini
458 1090 591 1137 verba
616 1091 714 1149 sint,
742 1093 947 1139 videatur
968 1093 1115 1153 Johan
1136 1110 1147 1140 ε
1167 1093 1294 1155 Cap:
1317 1106 1347 1137 v
1372 1109 1382 1139 ε
1406 1109 1484 1155 37.
1523 1093 1622 1154 Cap
1636 1110 1652 1139 .:
1681 1107 1741 1139 x:
1766 1108 1840 1154 30.
1880 1091 2010 1156 Cap:
2034 1107 2153 1139 x-xv:
2177 1107 2222 1155 7.

229 1190 232 1194 -
324 1172 498 1216 10·.¹¹·

244 1175 289 1221 9
317 1238 420 1282 142.
461 1222 760 1271 Postmodum
800 1224 1010 1271 videbam
1046 1225 1155 1271 alios
1193 1224 1370 1287 spiritus
1408 1239 1463 1271 ex
1498 1223 1652 1271 eadem
1681 1223 1880 1279 Tellure,
1922 1226 2002 1287 qui
2039 1238 2220 1286 appare·

243 1288 349 1334 bant
373 1290 416 1334 in
442 1288 543 1335 loco
566 1288 680 1336 infra
700 1290 817 1344 illos,
855 1305 962 1336 curn
993 1291 1157 1351 quibus
1179 1293 1313 1335 etiarn
1341 1290 1583 1351 loquebar·,
1618 1289 1778 1349 sedvilli
1809 1301 1932 1335 erant
1956 1290 2222 1343 idololatrae,

242 1354 449 1401 colebant
481 1355 603 1400 enim
639 1355 814 1400 idolum
843 1368 910 1399 ex
945 1354 1064 1409 saxo,
1100 1354 1446 1400 simile-homini
1484 1353 1556 1399 sed
1581 1369 1679 1399 -non
1720 1352 1938 1414 pulchro:
1987 1354 2214 1400 sciendum

241 1419 319 1475 est,
359 1419 482 1481 quod
504 1434 667 1464 omnes
702 1420 782 1481 qui
818 1419 863 1464 in
898 1417 1079 1465 alteram
1103 1419 1247 1465 vitam
1272 1420 1475 1474 veniunt,
1517 1419 1570 1480 in,
1588 1419 1811 1481 principio
1825 1419 2009 1466 cultum
2034 1419 2220 1467 habeant

242 1484 432 1531 similem
455 1484 599 1530 cultui
624 1483 702 1530 suo
725 1486 770 1530 in
794 1484 987 1541 mundo,
1024 1485 1096 1531 sed
1119 1485 1243 1547 quod
1267 1483 1501 1531 succeffive
1533 1483 1590 1531 ab
1613 1483 1692 1531 illo
1715 1490 2061 1540 removeantur}
2101 1485 2225 1532 causa

240 1551 368 1614 quod
391 1551 452 1596 ita
475 1551 566 1607 fiat,
591 1549 654 1597 est
677 1551 953 1613 quia-omnis
978 1550 1126 1598 cultus
1150 1563 1300 1597 manet
1335 1550 1622 1612 implantatus
1657 1551 1853 1596 interiori
1877 1553 1985 1597 vitae
2009 1551 2221 1610 hominis,

241 1632 378 1679 equa
408 1632 497 1662 non
523 1618 747 1662 removeri
773 1617 820 1662 ὅτ
845 1617 1053 1663 eradicari
1077 1616 1155 1662 nifi
1174 1615 1414 1662 -succeffive
1436 1615 1595 1677 potest.
1650 1616 1772 1660 Cum
1807 1616 1851 1660 id
1879 1618 2041 1672 visum,
2075 1617 2223 1663 dicere

243 1682 330 1728 illis
353 1682 556 1737 dabatur,
597 1682 723 1743 quod
749 1697 839 1727 non
863 1693 1065 1743 oporteat
1101 1682 1281 1726 adorare
1315 1693 1548 1725 mortuum
1584 1678 1654 1724 sed
1680 1680 1838 1726 vivum
1863 1701 1876 1735 3
1921 1681 1978 1726 ad
2002 1682 2126 1744 quod
2152 1698 2222 1727 re·

243 1745 537 1811 spondebant,
572 1745 698 1808 quod
723 1747 859 1792 sciant
881 1746 1007 1809 quod
1032 1747 1159 1792 Deus
1183 1747 1310 1790 vivat
1343 1745 1393 1791 δε
1418 1759 1508 1790 non
1543 1743 1719 1799 saxum,
1761 1744 1831 1792 sed
1866 1747 1991 1808 quod
2015 1749 2217 1809 cogitent

230 1813 428 1860 .de.Deo
451 1813 594 1868 Vivo,
640 1827 747 1858 cum
774 1811 1004 1858 intuentur
1027 1811 1179 1857 saxum
1206 1809 1346 1856 simile
1369 1809 1559 1866 homini,
1600 1815 1650 1860 δε
1670 1812 1797 1873 quod
1836 1811 1959 1858 aliter
1995 1812 2110 1858 ideae
2134 1828 2219 1860 co-

232 1878 473 1943 gitationis
494 1876 585 1924 suae
609 1892 700 1924 non
723 1878 887 1940 poffint
909 1876 991 1939 figi
1015 1892 1066 1924 ac
1088 1876 1373 1924 determinari
1396 1876 1451 1921 ad
1476 1877 1629 1922 Deum
1653 1875 1916 1924 invisibilem
1939 1899 1953 1932 3
1996 1890 2103 1924 tunc
2135 1878 2222 1926 illis

230 1946 392 1992 -dicere
411 1943 570 1990 datum
593 1942 673 1999 est,
712 1942 837 2006 quod
861 1942 975 1989 ideae
998 1942 1282 2006 cogitationis
1306 1943 1469 2003 poffint
1492 1941 1573 2004 figi
1607 1942 1656 1988 δε
1680 1941 1962 1990 determinari
1985 1943 2042 1990 ad
2064 1945 2220 1991 Deum

244 2010 531 2066 invisibilem,
556 2025 664 2056 cum
690 2010 747 2056 ad
771 2009 1048 2065 Dominum,
1083 2009 1163 2071 qui
1185 2006 1247 2054 est
1270 2008 1396 2054 Deus
1419 2006 1600 2053 visibilis
1633 2008 1678 2053 in
1702 2009 1971 2069 cogitatione
2007 2007 2088 2055 sub
2110 2010 2223 2055 Hu-

246 2092 380 2125 mana
403 2075 585 2132 forma;
631 2075 682 2123 δε
720 2075 780 2122 fic
803 2074 927 2138 quod
963 2075 1103 2122 homo
1140 2074 1274 2138 poffit
1313 2071 1528 2136 conjungi
1567 2074 1670 2120 Deo
1703 2073 1911 2119 invisibili
1950 2075 2224 2136 cogitatione

244 2144 297 2191 δε
320 2141 570 2200 affectione,
617 2140 810 2206 proinde
835 2140 926 2189 fide
949 2140 1000 2190 &
1021 2155 1190 2198 amore,
1224 2154 1332 2186 cum
1372 2135 1662 2203 conjungitur
1683 2138 1905 2196 Domino,
1942 2154 2033 2186 non
2071 2153 2223 2188 autem

230 2208 383 2258 [aliter.

316 2291 426 2339 143.
462 2274 800 2334 Quaerebantur
831 2274 1033 2340 spiritus,
1082 2274 1169 2340 qui
1204 2290 1263 2321 ex
1298 2273 1390 2322 alto
1425 2271 1505 2320 vili
1539 2271 1655 2330 sunt,
1711 2288 1822 2320 num
1862 2271 1907 2318 in
1933 2270 2118 2319 Tellure
2150 2271 2221 2318 vi·

248 2353 358 2388 vant
401 2341 483 2387 sub
511 2343 724 2403 imperiis
757 2341 1030 2405 Principum
1076 2354 1151 2388 aut
1190 2337 1410 2402 Regum-3
1470 2339 1528 2384 ad
1570 2339 1667 2386 haec
1711 2337 2050 2401 respondebant,
2096 2338 2224 2402 quod

236 2406 440 2456 ¹nesciant
462 2406 575 2470 quid
593 2405 802 2469 imperia,
842 2407 892 2453 &
915 2405 1041 2467 quod
1063 2407 1222 2452 vivant
1244 2404 1325 2450 sub
1347 2404 1405 2459 se,
1437 2402 1640 2449 distineri
1662 2404 1707 2448 in
1723 2414 1901 2465 gentes,
1936 2401 2139 2459 familias,
2169 2405 2226 2450 &

234 2474 444 2522 domos:
489 2472 821 2535 quaerebantur,
861 2486 972 2518 num
1009 2469 1068 2518 fic
1091 2470 1245 2526 securi,
1286 2469 1495 2517 dicebant
1527 2468 1654 2531 quod
1689 2467 1842 2523 securi,
1884 2469 2099 2530 quoniam
2131 2483 2225 2515 una

248 2538 418 2588 familia
440 2538 564 2586 alteri
588 2537 696 2584 nihil
716 2537 910 2594 invidet,
949 2537 1000 2584 &
1023 2537 1134 2584 nihil
1157 2536 1372 2597 derogare
1397 2535 1524 2582 vult:
1570 2534 1791 2596 indignati
1813 2534 1940 2595 quod
1975 2534 2076 2581 talia
2097 2549 2222 2597 quae·

239 2618 463 2662 serentur,
487 2604 598 2650 ficut
620 2603 980 2651 inlimularentur
1001 2601 1265 2657 hostilitatis,
1299 2613 1378 2647 aut
1398 2597 1583 2662 alicujus
1605 2599 1759 2646 tutelae
1777 2611 1929 2646 contra
1951 2600 2187 2663 praedones
2201 2621 2221 2655 -;

250 2673 362 2734 quid
388 2671 534 2734 magis
558 2685 674 2733 opus
697 2669 776 2726 est,
814 2667 1003 2732 ajebant,
1041 2684 1182 2733 quam
1207 2666 1364 2715 habere
1386 2666 1562 2714 vietum
1596 2666 1645 2713 δε
1668 2665 1905 2723 ami-stum,
1937 2668 1984 2713 δε
2021 2665 2081 2713 fic
2114 2681 2224 2715 con-

253 2740 363 2784 tenti
385 2738 435 2784 &
459 2737 601 2799 quieti
625 2735 704 2783 sub
727 2734 768 2782 se
791 2735 998 2783 habitare.

327 2819 431 2861 144.
471 2804 612 2849 Porro
639 2802 898 2865 interrogati
923 2802 979 2848 de
1001 2799 1185 2849 Tellure
1219 2798 1290 2847 sua
1313 2797 1537 2855 dicebant,
1576 2798 1701 2863 quod
1736 2797 1821 2847 illis
1855 2809 1978 2863 prata
2000 2797 2100 2852 fint,
2139 2795 2223 2845 flo-

226 2879 361 2925 ·.reta,
398 2868 537 2929 sylvae
558 2868 706 2930 plenae
737 2867 968 2915 arboribus
1006 2865 1261 2923 fructiferis,
1301 2867 1352 2913 δε
1390 2881 1572 2929 quoque
1610 2866 1733 2912 lacus
1772 2866 1814 2912 in
1847 2865 2018 2928 quibus
2049 2861 2186 2926 pisces
2206 2881 2223 2916 ς

251 2932 467 2996 quodque
487 2948 591 2979 aves
613 2934 775 2980 coloris
799 2933 978 2981 caerulei
1013 2948 1120 2980 cum
1160 2934 1299 2979 aureis
1332 2933 1524 2995 pennis·,
1568 2931 1619 2978 &
1651 2931 1779 2995 quod
1817 2930 2019 2978 animalia
2058 2925 2222 2990 majora

240 3000 302 3046 &
336 2998 542 3051 minota;
595 3001 710 3044 inter
759 3001 933 3047 minora
977 2999 1300 3054 memorabant,
1346 3013 1451 3060 quae
1497 2996 1679 3044 dorsum
1721 2997 1942 3044 elevatum
1981 2992 2110 3040 instar
2145 3009 2224 3040 ca·

255 3062 479 3118 melorum
515 3062 559 3106 in
601 3062 745 3109 nostra
766 3065 951 3111 Tellure
988 3065 1232 3117 haberent;
1274 3066 1324 3111 &
1347 3075 1496 3110 tamen
1526 3063 1660 3126 -quod
1695 3078 1790 3109 non
1827 3060 2054 3107 vescantur
2092 3073 2224 3107 carne

244 3142 412 3179 ,eorum
454 3125 526 3173 sed
568 3125 710 3173 solum
754 3143 882 3176 carne
922 3129 1144 3191 piscium,
1199 3130 1249 3175 &
1283 3141 1498 3190 -praeterea
1530 3127 1748 3174 fruCtibus
1790 3141 1847 3173 ex
1882 3123 2128 3180 arboribus,
2173 3127 2223 3174 δε

245 3193 560 3260 :leguminibus
602 3207 660 3239 ex
694 3202 825 3240 iterra.
895 3194 1117 3244 Dicebant
1154 3207 1312 3256 por-re,
1354 3192 1488 3255 ,quod
1526 3208 1617 3240 non
1655 3192 1858 3239 habitent
1901 3192 1946 3238 in
1974 3189 2225 3305 {Xst‘fftss
2286 3186 2293 3191 ’

804 3274 826 3307 1
2023 3272 2118 3307 orm
2154 3272 2222 3322 uS,
