2632 3516
614 293 764 377 DE
837 287 1590 349 SCRIPTURA
1666 284 2098 345 SAC'RA.
2262 307 2333 347 ιι

355 426 531 480 mnibus
562 422 759 485 capitibus
781 408 996 476 calvities,
1033 415 1090 471 ἐξ
1108 420 1237 464 omnis
1258 416 1396 462 Barba
1413 411 1550 475 rafiz„
1583 411 1700 475 Esaj.
1721 411 1833 459 XV.
1861 426 1904 460 2.
1927 412 2093 476 Jerem.
2110 411 2331 464 XLVIII.

359 509 430 556 37.
450 526 481 551 „
494 489 619 551 Super
638 488 818 535 omnibus
822 482 1015 545 faciebus
1028 483 1175 544 pudor,
1205 477 1263 534 δ’
1282 482 1325 526 in
1344 482 1524 525 omnibus
1540 479 1735 539 capitibus
1759 476 1992 538 calvities„
2027 479 2192 528 Ezech.
2214 478 2332 530 Vn,

358 564 476 614 18.·„
513 556 645 602 Omne
677 554 803 616 Caput
832 548 1106 604 decalvatum,
1141 543 1199 600 δ’
1227 546 1355 591 omnis
1380 543 1565 589 humerus
1586 542 1824 602 depilatus„
1858 542 1990 590 Ezec.
2011 543 2184 594 XXIX.
2205 550 2330 605 18.„

355 621 574 686 Afiendere
579 617 743 680 faciam
751 615 875 678 fiaper
891 628 1025 660 omnes
1044 612 1195 658 Iurnbos
1202 606 1369 672 sttccum
1381 643 1395 668 ‚
1431 604 1617 668 &fitpcr
1636 621 1747 652 omne
1765 614 1880 666 caput
1903 607 2107 655 calvitiem
2118 645 2153 667 „
2185 610 2332 660 Amos

355 687 491 735 VIII,
517 701 591 734 10.
604 715 641 742 „
676 682 889 728 Calvitiem
910 677 1050 735 indue,
1083 673 1141 729 &³
1160 675 1274 722 tonde
1293 684 1334 720 te
1349 685 1508 736 propter
1518 671 1632 733 filios
1654 670 1882 717 delitiarum
1904 680 2091 729 suasum,
2123 671 2181 726 &³
2205 675 2332 723 dilata

354 752 556 801 calvitiem
570 786 583 806 ,
617 748 708 809 quia
737 747 963 807 migrarunt
993 756 1019 787 a
1046 751 1112 796 tc,
1143 738 1294 788 Mich.
1318 739 1357 785 1.
1386 752 1460 798 17:
1494 735 1569 784 hic
1585 751 1666 797 per
1688 733 1929 783 Calvitiem
1947 734 2132 784 induere
2150 736 2201 786 ἃ
2224 739 2331 789 dila-

357 829 479 874 tare,
511 811 785 877 fignificatur
819 822 928 860 vera
965 805 1110 853 Verbi
1139 805 1184 853 in
1214 803 1377 852 ultimis
1394 802 1491 864 ejus
1512 799 1748 850 falsificare
1762 838 1775 859 ,
1807 800 1965 863 quibus
1985 799 2251 861 falfificatiS,
2283 816 2334 852 ut

358 880 530 930 facium
556 875 622 926 est
649 892 677 924 a
707 874 870 939 Judaeis
884 907 901 930 ,
936 883 1083 919 totum
1116 870 1323 918 Verbum
1352 865 1621 916 destruetum
1648 865 1742 924 est3
1772 880 1878 915 nam
1898 865 2052 914 ultima
2078 865 2223 916 Verbi
2242 867 2337 917 sunt

358 945 499 995 fulcra
529 943 580 992 δι
607 939 895 991 sustentacula
922 936 1017 999 ejus
1033 970 1050 994 ,
1084 934 1178 982 imo
1209 931 1461 997 unaquaevis
1485 946 1581 980 vox
1607 930 1675 980 est
1700 930 1891 979 fulcrum
1923 930 1974 980 ἃ
1998 929 2338 981 sustentaculum

358 1003 859 1060 veritatumcaelestium
881 1000 932 1051 ἃ
953 1001 1236 1063 spiritualium
1255 999 1363 1061 ejus.
1418 996 1538 1062 Quia
1558 996 1830 1060 Capillitium
1848 995 2069 1060 fignificat
2090 998 2267 1047 Verum
2287 1000 2334 1048 in

360 1075 548 1131 ultimis,
582 1072 689 1120 ideo
706 1071 755 1119 in
777 1067 960 1116 Mundo
973 1065 1197 1129 Spirituali
1212 1101 1226 1122 ,
1261 1077 1417 1114 omnes
1435 1062 1512 1125 qui
1534 1074 1825 1115 contemnunt
1843 1063 2052 1110 Verbum
2064 1097 2078 1119 ,
2092 1062 2144 1111 ἅ
2167 1063 2337 1112 sensum

358 1140 499 1187 literae
518 1138 613 1200 ejus
631 1134 867 1183 falsificant
880 1167 897 1190 ,
930 1141 1146 1193 apparent
1166 1129 1323 1188 Calvi3
1355 1139 1399 1175 at
1422 1128 1496 1189 qui
1518 1127 1740 1177 honorant
1758 1125 1809 1175 ἃ
1831 1140 1985 1176 amant
2004 1129 2128 1177 illum
2144 1165 2160 1188 ‚
2194 1143 2332 1192 appa·

358 1216 458 1251 rent
480 1202 526 1250 in
543 1199 806 1248 decentibus
828 1197 981 1245 comis.
1036 1195 1112 1243 De
1144 1193 1231 1242 hac
1253 1209 1302 1241 re
1322 1191 1527 1241 videatur
1547 1193 1685 1241 etiam
1708 1191 1827 1241 infra
1846 1207 1890 1240 n.
1918 1207 1997 1252 49.

431 1270 507 1326 36.
538 1266 749 1315 Verbum
782 1262 829 1311 in
859 1259 981 1310 sensu
999 1258 1156 1307 ultimo
1177 1259 1250 1307 seu
1272 1258 1487 1316 naturali,
1522 1258 1599 1321 qui
1619 1256 1686 1305 est
1706 1256 1847 1305 sensus
1864 1258 2002 1307 literae
2021 1258 2140 1322 ejus,
2175 1258 2341 1324 fignifi-

301 1377 304 1379 ,
362 1343 489 1381 catur
511 1331 648 1378 etiam
671 1344 751 1390 per
771 1328 959 1375 Murum
981 1321 1156 1372 Sanstae
1175 1323 1523 1384 Hierosolymae‚
1548 1322 1674 1387 cujus
1693 1321 1907 1372 strueiura
1929 1336 2025 1372 erat
2041 1323 2208 1387 Jaspis,
2238 1341 2339 1388 per-

367 1411 453 1459 que
490 1393 780 1444 fundamenta
820 1390 963 1448 muri,
1004 1402 1103 1450 quae
1130 1400 1255 1434 erant
1286 1386 1481 1448 Lapides
1512 1386 1716 1448 predofi,
1751 1399 1848 1435 tum
1876 1388 2014 1439 etiam
2048 1404 2129 1450 per
2156 1391 2339 1449 Portas,

366 1475 465 1522 quae
485 1470 610 1505 erant
631 1455 937 1519 Margaritae„
969 1454 1117 1513 Apoc.
1136 1451 1274 1500 XIX:
1312 1456 1369 1502 18
1394 1450 1451 1497 ad
1477 1464 1561 1498 21:
1591 1465 1697 1502 nam
1722 1466 1803 1512 per
1823 1450 2186 1515 Hierosolymam
2208 1452 2340 1515 figni-

366 1524 527 1572 ficatur
554 1520 752 1570 Ecclefia
778 1517 925 1582 quoad
947 1515 1239 1565 Docbinam:
1272 1515 1349 1564 sed
1368 1515 1427 1562 de
1442 1514 1509 1562 his
1525 1515 1648 1577 plura
1682 1517 1729 1562 in
1749 1514 1957 1578 sequente
1978 1516 2198 1565 Articulo.
2263 1518 2337 1566 Ex

366 1589 506 1636 allatis
533 1601 654 1633 nunc
684 1583 888 1633 constare
916 1579 1087 1645 potest,
1121 1581 1243 1642 quod
1268 1580 1410 1630 sensus
1442 1579 1581 1627 literae
1609 1579 1783 1636 Verbi,
1820 1580 1895 1643 qui
1928 1578 1994 1628 est
2016 1582 2251 1640 naturalis,
2285 1581 2340 1630 fit

364 1651 483 1700 Basis
497 1683 515 1708 ,
548 1649 790 1696 Continens
803 1683 817 1703 ,
852 1645 905 1694 δι
936 1645 1287 1694 firmamentum
1319 1643 1518 1695 sensuum
1548 1644 1806 1694 interiorum
1824 1645 1919 1709 ejus
1933 1681 1949 1706 ,
1983 1645 2061 1709 qui
2080 1645 2175 1695 sunt
2198 1646 2341 1699 sensus

367 1713 599 1779 spiritualis
618 1713 668 1764 ἃ
691 1709 888 1762 caelestis.
1579 1745 1581 1747 ,

443 1844 673 1951 Quod
701 1844 1056 1923 Divinum
1090 1844 1377 1922 Verum
1411 1839 1488 1922 in
1520 1838 1717 1922 sensu
1749 1842 1979 1923 literae
2010 1842 2279 1943 Verbi,

498 1983 504 1991 ·
586 1952 676 2031 fit
712 1956 786 2033 in
811 1951 938 2033 suo
961 1953 1239 2050 Pleno,
1291 1951 1366 2030 in
1399 1950 1525 2032 suo
1572 1953 1847 2034 Sancio
1867 2014 1890 2050 ,
1945 1954 2127 2033 &in

480 2068 485 2071 ’
1100 2061 1215 2142 sua
1246 2061 1601 2141 Potentia.

378 2251 452 2301 37.
616 2239 707 2286 uod
739 2237 949 2287 Verbum
976 2239 1022 2286 in
1047 2236 1126 2285 suo
1152 2235 1272 2285 sensu
1303 2237 1441 2284 literae
1467 2234 1518 2283 fit
1535 2236 1580 2284 in
1605 2234 1680 2284 suo
1700 2235 1859 2297 pleno,
1891 2233 1936 2283 in
1962 2234 2040 2283 suo
2059 2233 2208 2283 sanSio
2226 2232 2276 2283 ἃ
2299 2235 2346 2286 in

651 2302 726 2349 sua
745 2302 944 2362 potentia
956 2337 972 2358 ‚
1005 2301 1070 2347 est
1085 2300 1188 2361 quia
1204 2301 1295 2347 bini
1315 2299 1455 2346 sensus
1477 2301 1644 2360 priores
1664 2300 1734 2346 seu
1755 2298 1983 2347 interiores
1998 2324 2015 2357 3
2035 2301 2110 2361 qui
2129 2312 2353 2350 vocantur.

651 2364 879 2425 spiritualis
906 2363 955 2411 ἃ
986 2362 1192 2417 caelestis,
1224 2363 1271 2409 in
1304 2362 1425 2408 sensu
1455 2363 1664 2418 naturali,
1700 2364 1773 2423 qui
1799 2361 2025 2409 estsensus
2046 2364 2209 2421 literae,
2245 2362 2345 2412 sunt

376 2426 532 2484 simul,
566 2439 615 2474 ut
635 2427 762 2490 supra
784 2442 828 2473 n.
852 2441 911 2485 29
939 2426 1106 2474 dietum
1123 2424 1213 2483 est,-
1227 2425 1303 2473 sed
1324 2426 1551 2487 quomodo
1571 2425 1668 2472 sunt
1687 2425 1811 2473 simul
1826 2462 1838 2479 ,
1852 2427 2005 2486 paucis
2024 2441 2140 2475 nunc
2153 2428 2343 2477 dicetur.

404 2530 407 2531 γ
442 2496 517 2552 38.
553 2494 697 2540 Datur
724 2493 769 2540 in
794 2492 915 2539 Caelo
943 2492 994 2540 δι
1022 2492 1067 2540 in
1094 2490 1274 2539 Mundo
1303 2489 1435 2537 Ordo
1461 2488 1724 2538 succeffivus
1746 2488 1794 2539 δι
1813 2490 1942 2538 Ordo
1963 2490 2262 2541 simultaneus:
2299 2494 2347 2542 in

375 2557 547 2605 OrdIne
564 2556 802 2605 succeffivo
828 2555 1025 2605 succedit
1048 2555 1099 2604 ἃ
1125 2555 1315 2618 sequitur
1334 2570 1468 2603 unum
1488 2553 1587 2617 post
1604 2555 1815 2613 alterum,
1852 2571 1879 2603 a
1901 2554 2110 2618 supremis
2135 2556 2268 2620 usque
2283 2558 2341 2606 ad

373 2620 550 2669 infima:
582 2621 629 2671 in
647 2621 821 2670 Ordine
845 2634 994 2669 autem
1018 2620 1277 2669 simultaneo
1303 2617 1369 2668 est
1389 2635 1524 2668 unum
1546 2620 1672 2683 juxta
1695 2621 1883 2668 alterum
1899 2656 1913 2678 ,
1949 2623 2006 2669 ab
2030 2622 2193 2669 intimis
2212 2621 2347 2684 usque

376 2685 435 2734 ad
462 2685 643 2735 extima.
690 2686 822 2734 Ordo
851 2686 1113 2734 succeffivus
1143 2683 1210 2733 est
1239 2684 1349 2732 ficut
1379 2685 1596 2732 Columna
1622 2700 1723 2733 curn
1751 2685 1963 2749 gradibus
1996 2702 2022 2733 a
2040 2687 2212 2734 summo
2234 2688 2290 2734 ad
2311 2689 2347 2736 i-

375 2765 529 2808 mum3
559 2763 606 2799 at
636 2750 1068 2799 Ordo³s1multaneus
1099 2749 1164 2799 est
1190 2748 1299 2798 ficut
1331 2749 1460 2812 Opus
1487 2750 1711 2798 cohaerens
1734 2766 1840 2798 cum
1866 2750 2126 2812 peripheriis
2148 2767 2174 2799 a
2192 2766 2350 2801 centro

375 2816 433 2865 ad
462 2815 753 2877 superficiem.
787 2816 841 2863 N
843 2831 926 2863 unc
948 2816 1143 2871 dicetur,
1176 2814 1407 2877 quomodo
1430 2813 1560 2862 Ordo
1585 2813 1845 2863 succeffivus
1867 2815 1919 2862 fit
1942 2816 1986 2862 in
2018 2817 2191 2864 Ultimo
2215 2817 2348 2869 Ordo

374 2881 681 2938 fimultaneus3
714 2879 767 2927 fit
795 2880 887 2928 hoc
916 2880 1077 2937 modo3
1112 2879 1313 2940 suprema
1336 2877 1500 2926 ordinis
1522 2877 1747 2927 succeffivi
1777 2879 1888 2926 fiunt
1910 2879 2067 2928 intima
2091 2882 2273 2942 Ordinis
2292 2881 2347 2929 fi-

374 2945 610 3003 multanei,
642 2959 695 2992 ac
714 2944 868 2992 infima
891 2944 1072 2993 Ordinis
1091 2943 1315 2991 succeffivi
1331 2941 1444 2991 fiunt
1463 2943 1629 2991 extima
1654 2943 1836 2992 Ordinis
1858 2943 2200 3005 simultanei3est
2220 2960 2347 2995 com-

374 3010 578 3074 parative
608 3010 715 3058 sicut
748 3009 963 3056 Columna
991 3009 1209 3072 graduum
1243 3007 1462 3056 subfidens
1494 3007 1547 3055 fit
1583 3024 1742 3071 corpus
1776 3009 2001 3056 cohaerens
2035 3011 2081 3058 in
2101 3013 2249 3073 planu.
2285 3013 2355 3061 Ita

348 3110 353 3114 -
375 3076 597 3123 formatur
622 3075 940 3124 Simultaneum
969 3089 996 3121 a
1026 3072 1279 3123 Succeffivo
1295 3107 1311 3130 ,
1345 3071 1395 3120 ἃ
1416 3073 1504 3120 hoc
1530 3073 1575 3120 in
1595 3075 1800 3122 omnibus
1822 3072 1873 3122 ἃ
1893 3073 2067 3137 lingulis
2087 3076 2254 3124 Mundi
2274 3092 2351 3124 na·

377 3141 556 3198 ruralis,
591 3139 642 3190 ἃ
672 3140 716 3188 in
735 3140 942 3186 omnibus
969 3137 1020 3186 δε
1053 3138 1226 3201 fingulis
1254 3138 1419 3186 Mundi
1447 3135 1700 3199 spiritualiS,
1734 3154 1838 3188 nam
1867 3139 2012 3188 ubivis
2045 3139 2111 3188 est
2131 3142 2353 3197 Primum,

376 3204 588 3254 Medium‘
616 3204 666 3256 &
693 3204 946 3265 Ultimum,
978 3218 1031 3254 ac
1059 3205 1255 3252 Primum
1280 3217 1360 3316 pgr
1387 3202 1597 3253 Medium
1619 3204 1761 3260 tendit
1781 3203 1831 3255 ἃ
1855 3203 1980 3254 vadit
2006 3206 2064 3255 ad
2091 3205 2211 3254 suum
2238 3205 2353 3251 Ulti-

1379 3282 1405 3329 3
2212 3284 2357 3317 mum.
