2502 3432
212 180 216 183 ’
278 184 371 265 438
541 176 652 243 D'a
690 178 1298 250 TELLURIBUS
1360 191 1431 248 'm
1484 185 2019 252 UNIVERSO..

277 308 456 357 inferior
481 307 606 358 faciei
627 323 720 359 erat
744 312 884 376 nigra,
927 328 1017 362 non
1042 329 1098 362 ex
1122 314 1270 372 barba,
1311 315 1564 379 quam'non
1603 316 1812 375 habebat,
1851 316 1922 364 sed
1949 334 2008 375 ex
2034 317 2263 382 nigredine

275 375 378 422 loco
414 374 538 438 ejus:
581 379 786 440 ,nigredo
822 379 895 425 illa
936 378 976 426 se
1015 382 1151 443 usque
1188 379 1266 427 sub
1305 394 1427 429 aures
1461 385 1674 444 utrinque
1717 383 1980 430 extendebat
2002 405 2017 440 3
2063 375 2260 447 superior

276 454 374 503 pars
417 440 544 489 faciei
582 456 673 492 erat
711 444 973 501 flavescens,
1009 446 1118 492 sicut
1149 445 1280 493 facies
1320 447 1568 495 incolarum
1603 448 1767 496 nostrae
1788 449 2000 505 Telluris,
2050 452 2128 512 qui
2170 467 2260 512 non

271 507 449 568 Prorsus
475 509 653 556 candidi
679 509 791 556 sunt.
862 512 1005 558 Porro
1038 512 1260 569 dicebant,
1299 513 1424 575 quod
1449 515 1492 560 in
1518 514 1672 560 tellure
1695 514 1925 563 vescantur
1950 514 2166 562 fructibus
2192 534 2261 564 ar·

275 573 456 631 borum,
499 576 722 638 imprimis
757 575 906 623 fructu
939 578 1140 640 quodam
1181 579 1396 636 rotundo,
1441 581 1520 641 qui
1553 595 1610 626 ex
1646 592 1756 626 terra
1793 580 1974 630 illorum
2011 573 2259 643 egermina}

273 650 377 695 tur3
414 645 576 703 praeter
599 644 734 688 etiam
760 643 1078 705 leguminibus.
1151 643 1292 700 Quod
1316 643 1554 692 vestiantur
1589 646 1647 692 ibi
1676 645 1882 701 vestibus,
1920 662 2028 708 quas
2051 663 2106 693 ex
2136 649 2258 705 fibris

272 707 476 753 corticeis
500 708 782 769 quarundam
807 709 1016 755 arborum
1044 710 1308 764 conficiunt,
1345 726 1458 773 quae
1487 711 1607 758 illam
1643 711 1968 775 consistentiam
1995 713 2169 768 liabent,
2206 727 2259 762 ut

271 774 448 818 contexi
484 770 666 835 queant,
704 773 753 819 &
776 784 960 837 quoque
995 776 1296 838 conglutinari
1321 792 1401 839 per
1433 792 1573 838 genus
1613 779 1794 838 gummi
1825 778 1948 838 quod
1983 780 2102 841 apud
2139 779 2252 837 illos,

269 837 521 884 Narrabant
546 839 722 902 insuper
744 840 867 901 quod
895 842 1020 902 ignes
1046 842 1207 888 fluidos
1244 842 1305 888 ibi
1329 842 1466 889 sciant
1489 841 1646 898 facere,
1681 857 1736 888 ex
1760 843 1924 904 quibus
1937 843 2097 891 ..lucem
2138 857 2253 898 tem-

268 903 454 965 poribus
480 903 675 967 vesperae
713 910 762 956 &
788 907 929 953 noctis
954 907 1130 954 habent.
1829 952 1831 954 ,
2076 962 2078 966 ,
2134 907 2136 909 ’

337 986 415 1032 94.
453 970 677 1017 Videbam
696 971 959 1018 flammeum
983 974 1218 1036 quoddam
1254 973 1632 1036 pulcherrimum,
1668 984 1759 1020 erat
1792 974 1902 1020 varii
1927 973 2107 1029 coloris,
2134 990 2255 1037 Pur-

267 1050 480 1096 pureum,
516 1048 617 1083 tum
656 1053 714 1083 ex
747 1038 944 1085 candido
971 1038 1222 1094 rubescens,
1259 1040 1428 1086 colores
1468 1042 1603 1086 etiam
1639 1055 1692 1085 ex
1728 1040 1912 1086 flamma
1935 1038 2120 1101 pulchre
2143 1043 2253 1091 ruti-

262 1101 446 1149 labant:
506 1103 743 1165 quandam-
775 1106 914 1151 etiam
946 1121 1153 1151 vrnanum
1199 1105 1427 1160 videbam,
1485 1108 1560 1152 cui
1609 1106 1872 1155 flammeum
1921 1105 2006 1151 hoc
2050 1105 2250 1162 adhaefit,

263 1169 467 1230 primum
494 1167 679 1215 inversae
713 1167 810 1231 ejus
843 1172 972 1233 parti,
1014 1171 1165 1233 postea
1188 1171 1355 1233 palmae
1379 1171 1452 1217 seu
1486 1171 1623 1226 volae,
1663 1171 1712 1217 &
1749 1171 1852 1217 inde
1889 1169 2113 1217 lambebat
2148 1187 2245 1218 ma-

265 1248 378 1279 num
425 1234 748 1282 circumcirca:
796 1235 882 1283 hoc
921 1237 1147 1299 aliquanto
1171 1250 1374 1299 tempore
1412 1237 1632 1299 perstitit:
1681 1237 1783 1283 dein
1819 1251 1978 1285 manus
2012 1236 2109 1283 haec
2143 1244 2250 1290 cum

260 1299 478 1346 flammeo
511 1300 827 1346 removebatur
858 1302 914 1347 ad
953 1302 1226 1356 distantiam,
1274 1304 1322 1348 ὅτ
1345 1301 1424 1346 ubi
1449 1302 1654 1362 substitit,
1695 1301 2022 1348 erat.lucidum
2046 1323 2060 1355 3
2088 1302 2148 1357 ‚in
2182 1302 2251 1348 lu-

262 1364 369 1411 cido
401 1363 482 1411 illo
509 1367 678 1411 receffit
704 1381 861 1412 manus
883 1388 896 1420 ;
941 1367 991 1412 δε
1014 1378 1124 1413 tunc
1145 1367 1408 1412 flammeum
1433 1366 1546 1412 illud
1572 1365 1828 1413 mutabatur
1865 1367 1910 1411 in
1934 1366 2106 1421 Avem,
2142 1382 2248 1429 quae

259 1430 486 1492 principio
524 1437 618 1476 erat
641 1429 860 1487 similibus
883 1431 1108 1478 coloribus
1134 1446 1240 1492 cum
1265 1431 1494 1488 flammeo,
1534 1432 1585 1478 δε
1609 1431 1778 1478 colores
1814 1430 2015 1478 [imiliter
2039 1432 2251 1480 corusca-v

262 1495 387 1552 bant,
428 1495 500 1542 sed
525 1496 697 1543 colores
721 1497 785 1543 illi
821 1496 1054 1544 succeflive
1074 1498 1254 1545 >mutati
1290 1496 1407 1553 sunt,
1445 1498 1495 1544 δὲ
1518 1513 1625 1544 cum
1645 1496 1874 1544 ⁴coloribus
1898 1498 2006 1544 vitae
2030 1499 2164 1559 vigor
2198 1500 2245 1556 in

260 1563 397 1608 Ave:
439 1561 619 1608 volabat
641 1563 950 1619 circumcirca,
975 1566 1250 1626 &primum
1275 1564 1448 1609 circum
1480 1575 1617 1624 caput
1647 1579 1827 1618 meum,
1853 1563 1956 1609 dein
1979 1564 2244 1619 >antrorsum

254 1628 306 1673 in
330 1626 574 1689 angustum
593 1627 828 1689 quoddam
863 1629 1089 1688 conclave,
1115 1629 1241 1691 quod
1263 1628 1500 1690 apparebat
1521 1627 1655 1691 instar
1678 1628 1819 1688 adyti,
1860 1628 2045 1678 &ficut
2069 1630 2246 1689 volabat

253 1692 681 1754 antrorsumrnagis
715 1694 775 1739 ita
798 1693 892 1740 vita
915 1696 1098 1749 receffit,
1140 1694 1189 1739 &-
1214 1691 1411 1739 factaest
1434 1692 1623 1738 demum
1648 1692 1850 1754 lapidea3
1891 1693 2095 1754 primum
2133 1705 2242 1741 tunc

251 1758 408 1805 colore
432 1755 736 1821 margaritico,
775 1757 924 1820 postea
957 1758 1176 1813 obscuro3
1213 1758 1285 1803 sed
1320 1757 1492 1804 tametfi
1527 1757 1687 1820 absque
1727 1758 1834 1814 vita,
1871 1757 2009 1820 usque
2042 1759 2239 1808 volabat.

256 1824 384 1881 Cum
413 1824 507 1871 avis
530 1823 604 1870 illa
626 1823 805 1870 volabat
827 1825 1000 1871 circum
1023 1836 1174 1887 caput,
1214 1824 1264 1870 &
1288 1824 1436 1870 adhuc
1474 1824 1520 1869 in
1551 1825 1660 1869 vitae
1685 1825 1843 1886 vigore
1875 1838 1983 1881 erat,
2024 1824 2143 1883 visus
2175 1825 2239 1872 est

251 1889 433 1952 spiritus
465 1905 523 1936 ex
561 1887 758 1937 inferiori
792 1905 871 1952 per
893 1891 1123 1955 regionem
1147 1889 1409 1936 lumborum
1443 1889 1499 1936 ad
1524 1890 1754 1953 regionem
1786 1889 1976 1952 pestoris
2000 1890 2242 1954 assurgens,

250 1955 293 2001 'is
322 1949 428 2003 inde
450 1955 630 2003 volebat
663 1953 832 2003 auferre
864 1952 994 2003 avem
1029 1957 1182 2011 illam3
1222 1954 1296 2003 sed
1317 1958 1424 2018 quia
1445 1968 1539 2002 tam
1566 1956 1892 2017 pulchrarerat,
1922 1954 2117 2017 spiritus,
2157 1959 2237 2019 qui

247 2023 427 2069 circum
447 2034 545 2081 me,
585 2021 860 2079 inhibebant,
899 2022 1047 2069 visum
1070 2023 1190 2069 enim
1217 2021 1345 2068 suum
1384 2022 1429 2067 in
1468 2021 1543 2067 illa
1570 2037 1727 2068 omnes
1762 2022 2000 2075 tenebant:
2043 2021 2118 2067 sed
2155 2022 2239 2084 spi·

246 2088 364 2135 ritus
388 2088 478 2145 ille,
511 2090 671 2151 quiex
697 2086 894 2136 inferiori
924 2089 1168 2144 assurrexit,
1209 2085 1380 2135 fortiter
1414 2086 1500 2133 illis
1533 2086 1756 2149 persuasit,
1793 2086 1920 2149 quod
1942 2087 2080 2148 ⁸apud
2103 2086 2235 2134 illum

243 2153 360 2200 feffet
381 2155 630 2210 Dominus,
663 2156 711 2201 &
737 2154 795 2201 fic
818 2154 949 2218 quod
978 2162 1034 2202 ex
1056 2155 1263 2202 Domino
1289 2154 1349 2200 ,id
1373 2164 1520 2215 ageret
1541 2174 1555 2207 ;
1599 2154 1684 2200 hoc
1710 2151 1892 2199 tametsi·
1907 2152 2106 2213 plerique
2141 2168 2233 2200 non

245 2220 508 2277 credebant,
545 2221 684 2284 usque
717 2232 867 2268 tamen
908 2236 998 2268 non
1045 2221 1240 2284 amplius
1273 2219 1546 2274 inhibebant,
1584 2220 1697 2280 quin
1735 2216 1925 2265 auferret
1948 2219 2135 2263 Avern:
2185 2231 2231 2278 at

248 2287 362 2347 quia
384 2302 452 2345 *eo
486 2298 724 2334 momento
762 2287 974 2334 influebat
1006 2287 1205 2343 coelum,
1235 2302 1325 2333 non
1348 2287 1498 2348 potuit
1531 2286 1716 2331 retinere
1739 2284 1882 2338 illam,
1919 2282 1993 2330 sed
2020 2298 2132 2329 mox
2167 2299 2235 2330 re-

252 2351 434 2400 mifite'
451 2349 810 2398 manu‘liberatn.
879 2353 1116 2398 Cum-hoc·
1139 2350 1487 2414 peractum-est,
1516 2350 1812 2411 Spirituslqui,
1826 2349 2003 2399 circum
2030 2364 2119 2404 mc,
2141 2350 2233 2412 -qui

251 2419 409 2465 Avem
433 2417 556 2464 illam
587 2417 636 2463 ὅτ
660 2415 916 2463 succeffivas
938 2413 1034 2478 ejus
1058 2418 1326 2463 mutationes
1350 2413 1520 2461 intense
1547 2413 1649 2461 sunt
1666 2414 1840 2469 intuiti,
1873 2414 1931 2460 de
1963 2413 2037 2459 illa
2058 2414 2179 2474 inter.
2192 2412 2235 2460 se

240 2482 564 2546 <10quebantur,
588 2483 649 2529 .&
672 2483 757 2529 hoc
781 2497 863 2546 per
892 2481 1066 2545 infigne
1089 2494 1301 2545 tempus:
1348 2481 1650 2543 percipiebant
1687 2479 1814 2540 quod
1852 2478 1936 2527 tale
1960 2476 2105 2524 visum
2135 2494 2231 2537 non

244 2550 450 2611 ‘potuer-it
486 2564 579 2596 non
617 2564 756 2611 quam
779 2548 979 2595 Coelesse
1014 2548 1248 2610 quoddam
1273 2547 1550 2610 fignificare3
1590 2544 1782 2591 sciebant
1817 2545 1940 2606 quod
1973 2545 2235 2604 flammeum

241 2616 472 2677 ·fignificet
493 2629 693 2662 amorem
717 2613 949 2662 coelestem
971 2615 1022 2660 δε
1045 2613 1142 2678 ejus
1163 2613 1449 2667 affeciiones3
1488 2612 1613 2674 quod
1641 2626 1816 2666 manus,
1858 2611 1931 2657 cui
1969 2611 2231 2674 flammeum

248 2681 518 2736 adhaerebat,
559 2683 698 2728 vitam
729 2678 925 2742 &ejus
951 2681 1234 2742 potentian-13
1282 2680 1489 2727 colorum
1530 2678 1820 2732 mutationes,
1861 2678 1982 2731 vitae,
2003 2677 2226 2734 varietates

248 2748 396 2806 quoad
421 2747 674 2811 sapientiam
708 2747 760 2793 &
785 2746 1159 2810 intelligentiam;
1208 2746 1350 2792 simile
1387 2745 1521 2792 etiam
1546 2743 1682 2803 Avis,
1722 2741 1797 2790 sed
1834 2758 1942 2794 cum
1981 2740 2227 2807 ὀίίῖεζςῃῑία

240 2813 373 2872 ,quod
415 2812 922 2875 flammeum'fignificet
960 2827 1161 2859 amorem
1186 2811 1413 2858 coelestem
1450 2811 1500 2857 ὅτ
1521 2824 1628 2870 quae
1666 2807 1784 2864 illius
1820 2806 2142 2866 amorissuffit,
2170 2807 2226 2852 δε

243 2877 374 2938 quod
403 2880 515 2924 Avis
539 2879 759 2940 significet
781 2890 980 2925 amorem
1006 2878 1278 2942 spiritualem
1316 2879 1366 2924 ὅτ
1389 2891 1495 2940 quae
1530 2875 1647 2921 illius
1679 2878 1844 2922 amoris
1877 2874 1976 2927 sunt
1996 2872 2224 2943 31(qu

239 2940 438 2987 -coelestis
459 2942 523 2987 est
546 2959 670 2991 amor
710 2947 755 2991 in
779 2946 1055 3001 Dominum,
1083 2945 1309 2991 &Amor
1338 2939 1572 3006 spiritualis
1602 2940 1666 2988 est
1696 2940 1900 2987 Charitas
1933 2952 2037 2997 erga
2070 2949 2223 2996 proxi-

247 3021 378 3054 mum
396 3007 534 3067 (gg):
585 3010 634 3054 &
656 3025 749 3069 quo
772 3011 1073 3057 dmutationes
1097 3009 1303 3057 colorum
1340 3013 1387 3057 ὅτ
1412 3007 1546 3055 fimul
1570 3008 1679 3053 vitae
1713 3007 1760 3052 in
1777 3007 1909 3059 Ave,
1941 3000 2076 3073 usquo
2109 2999 2223 3074 dum

232 3070 360 3118 facta
394 3070 579 3134 lapidea,
620 3071 838 3132 significet
873 3077 1139 3122 mutationes
1167 3073 1426 3120 -succeffivas
1461 3075 1570 3119 vitae
1608 3070 1843 3133 spiritualis
1879 3066 2029 3140 quoad
2064 3065 2223 3111 intelli-

236 3138 442 3201 gentiam
456 3155 474 3185 ⁴:
513 3134 707 3183 sciebant
727 3138 879 3195 etiam,
913 3140 1039 3201 quod
1055 3140 1255 3202 spiritus,
1295 3141 1375 3201 qui
1413 3154 1475 3197 ex,
1508 3136 1704 3184 inferiori
1728 3149 1808 3196 per
1830 3129 2222 3241 regionemblum-

1024 3222 1054 3267 3
2087 3211 2220 3243 orum
