2514 3516
802 274 1824 353 DEDGMtNO.
2235 290 2299 352 51

299 426 406 473 «ato,
439 413 492 464 δι
521 426 611 478 quo
630 415 902 474 wolmero,
936 415 1078 464 Psalm
1095 412 1349 462 CXXXIX.
1374 427 1416 472 7.
1432 447 1465 469 „
1502 411 1631 464 Dixit
1652 411 1884 472 Jehovah,
1920 424 2012 461 non
2033 424 2115 474 per
2128 409 2296 466 robur,

301 479 388 533 {ed
418 495 500 543 per
530 482 726 542 Spiritum
751 496 881 527 meum
902 479 1083 538 faciet,·
1101 477 1464 534 sach.1V..6„‚
1500 476 1565 523 Illi
1583 479 1909 526 exacerbarunt
1933 478 2110 540 Spirium
2130 475 2297 525 Sanan·-

223 593 227 597 ,
301 548 415 592 tatis
445 543 611 608 Ipfius;
642 546 759 593 unde
780 546 1017 595 conversus
1038 541 1106 592 est
1124 543 1205 591 illis
1221 544 1267 590 in
1286 539 1461 589 hostem
1479 578 1493 597 ,
1526 540 1669 587 Psalm
1693 542 1817 587 CVI.
1843 557 1919 604 33.
1935 575 1973 600 „
2007 542 2122 590 Non
2141 549 2299 603 arguet

311 611 491 672 Spiritus
510 611 869 660 meushominem
889 612 935 659 in
955 620 1220 672 perpetuum
1235 643 1249 664 ,
1283 607 1387 670 quia
1405 619 1514 654 caro
1533 603 1623 661 est,
1659 604 1778 652 Gen.
1804 606 1888 653 VI.
1914 620 2001 666 3.„
2037 607 2151 655 Non
2169 605 2215 654 in
2237 619 2297 651 ae·

300 687 487 723 ternum
522 674 736 739 litigabo,
769 677 874 739 quia
899 675 1075 737 Spiritus
1105 687 1258 721 coram
1293 673 1376 719 Me
1409 670 1668 729 deficeret„
1704 669 1820 733 Esaj.
1846 670 1998 718 LVIl.
2027 685 2142 730 17.,‚
2179 668 2293 718 Blas-

265 762 273 766 ·
309 740 491 803 phemia
525 753 687 789 contra
726 741 942 802 Spiritum
981 737 1196 789 SanEtum
1231 751 1324 786 non
1364 738 1641 793 remittetur,
1688 734 1763 784 sed
1803 734 1880 798 qui
1910 734 2072 794 dixerit
2106 738 2296 783 verbum

311 817 472 854 contra
497 805 660 854 Filium
679 805 872 854 hominis
891 807 1188 862 remittetur„
1224 801 1511 851 Matth.XlI.
1538 816 1613 862 31·
1631 813 1709 860 32.
1735 801 1888 848 Marc.
1907 799 1990 846 111.
2006 805 2082 851 28,
2117 814 2191 857 29.
2220 816 2295 860 30.

314 871 429 918 Luc.
453 871 555 919 ΧΠ.
586 885 660 918 10.
713 870 989 934 Blasphemia
1021 881 1178 918 contra
1206 869 1421 930 Spiritum
1450 865 1689 922 SanEtum,
1721 863 1788 912 est.
1832 864 2103 927 blasphemia
2136 876 2296 911 contra

312 935 535 984 Divinum
555 936 770 992 Domini3
789 948 948 984 contra
969 936 1136 983 Filium
1157 933 1374 991 hominis,
1408 931 1474 980 est
1497 930 1660 994 aliquid
1682 943 1839 979 contra
1861 930 2098 988 Verbum,
2128 927 2298 977 sensum

312 1003 411 1062 ejus
443 1001 569 1048 aliter
588 1001 947 1064 interpretand03
978 999 1115 1049 Filius
1125 999 1328 1048 >hominis
1345 997 1467 1046 enirn
1487 996 1551 1046 est
1570 998 1794 1046 Dominus
1813 996 1963 1059 quoad
1989 996 2219 1054 Verbum,
2251 1005 2302 1041 ut

309 1065 442 1127 supra
464 1064 687 1114 offensum
704 1066 787 1115 est.

378 1142 458 1187 51.
492 1129 617 1197 Qud
636 1144 708 1192 per
736 1130 956 1193 Spiritum,
992 1131 1063 1178 ubi
1082 1129 1127 1177 de
1154 1128 1353 1188 Domino,
1388 1130 1432 1175 in
1449 1124 1583 1190 ffiecie
1611 1126 1858 1188 intelligatur
1879 1127 1970 1174 vita
1989 1125 2206 1188 Sapientiae
2232 1123 2299 1186 Ip-

299 1191 417 1254 fius,
451 1209 538 1255 quae
564 1193 623 1258 est
642 1195 799 1243 Divina
819 1194 995 1243 Veritas.
1008 1184 1053 1254 „‘
1108 1195 1211 1257 Ego
1232 1194 1454 1242 Veritatem
1473 1193 1601 1241 vobis
1620 1192 1749 1248 dico,
1785 1190 1966 1253 prodest
1985 1191 2112 1239 vobis
2131 1205 2179 1238 ut
2200 1192 2301 1252 Ego

309 1260 493 1306 abeam:
531 1257 564 1306 fi
592 1260 712 1307 enim
744 1275 835 1308 non
866 1262 1063 1317 abirem,
1100 1259 1340 1307 Paracletus
1370 1274 1461 1307 non
1495 1257 1647 1305 veniet
1675 1257 1731 1303 ad
1755 1273 1863 1313 vos;
1896 1256 1927 1304 fi
1954 1272 2062 1303 vero
2087 1256 2298 1312 abivero,

309 1324 491 1371 mittam
524 1324 647 1372 Illum
678 1324 737 1373 ad
771 1341 901 1384 vos„
935 1325 1039 1387 Joh.
1075 1324 1211 1372 XVl.
1247 1337 1338 1386 7.„
1371 1323 1568 1390 Quando
1592 1324 1765 1370 venerit
1789 1323 1859 1370 ille
1879 1323 2054 1383 Spiritus
2074 1321 2300 1375 Veritatis,

243 1412 246 1415 *
299 1386 449 1438 ducet
477 1403 559 1435 vos
587 1389 633 1436 in
652 1404 835 1437 ornnem
858 1392 1095 1438 Veritatem.
1160 1388 1273 1435 Non
1296 1390 1496 1451 loquetur
1518 1403 1544 1435 a
1562 1388 1623 1433 Se
1642 1387 1738 1448 ipso
1750 1420 1767 1445 ‚
1789 1386 1862 1434 sed
1887 1401 2158 1449 quaecunque
2174 1384 2299 1432 audi-

271 1484 281 1489 -
312 1453 458 1510 verit,
490 1451 738 1515 loquetur„
773 1455 876 1515 Joh.
908 1453 1042 1500 XVI.
1080 1465 1202 1514 13.„
1238 1453 1317 1500 Ille
1349 1454 1438 1501 Me
1469 1451 1760 1514 glorificabit,
1795 1453 1897 1513 quia
1915 1467 1967 1496 ex
1991 1453 2091 1497 Meo
2108 1451 2302 1510 accipiet

314 1515 368 1565 ἃ
397 1518 674 1566 annuntiabit
704 1519 854 1568 vobis:
888 1517 1040 1566 omnia
1059 1532 1350 1580 quaecumque
1367 1519 1500 1565 Pater
1517 1516 1684 1579 habet,
1719 1516 1835 1563 Mea
1854 1515 1971 1563 sunt:
2007 1527 2191 1576 propter
2210 1514 2303 1562 hoc

302 1581 432 1639 dixi,
466 1582 587 1643 quod
617 1583 664 1629 de
690 1584 789 1629 Meo
808 1596 1070 1645 accepturus
1088 1581 1171 1636 sit,
1200 1581 1251 1630 δι
1273 1583 1604 1630 annuntiaturus
1629 1579 1794 1638 vobis„
1833 1580 1936 1642 Joh.
1960 1579 2089 1626 XVI.
2118 1593 2190 1639 14.
2219 1591 2296 1638 15.
2352 1608 2358 1610 >
2456 1595 2458 1597 ·
2504 1550 2508 1551 ⁷

310 1646 416 1708 Ego
446 1647 620 1708 rogabo
645 1647 855 1706 Patrem,
888 1660 936 1694 ut
970 1647 1105 1695 alium
1125 1646 1380 1693 Paracletum
1398 1647 1477 1694 det
1495 1646 1649 1703 vobis,
1685 1647 1881 1707 Spiritum
1903 1644 2102 1691 Veritatis
2116 1679 2129 1699 ‚
2164 1658 2299 1705 quem

307 1710 500 1773 mundus
528 1725 620 1758 non
649 1709 795 1772 potest
823 1711 1054 1773 accipere,
1089 1711 1300 1773 quoniam
1331 1723 1422 1759 non
1443 1710 1567 1759 videt
1585 1711 1740 1766 Illum,
1778 1723 1867 1757 nec
1888 1707 2121 1769 cognoscit
2138 1709 2297 1766 Illum,

311 1791 398 1826 vos
416 1787 566 1823 autern
584 1776 851 1839 cognoscitis
868 1777 994 1824 lllurn
1006 1813 1020 1835 ,
1057 1777 1159 1838 quia
1178 1776 1297 1838 apud
1319 1791 1400 1823 vos
1417 1787 1570 1824 manet
1582 1811 1596 1833 ,
1630 1774 1679 1822 ἃ
1702 1776 1748 1822 in
1771 1774 1903 1822 vobis
1921 1775 2026 1820 erit:
2062 1788 2153 1821 non
2170 1774 2300 1822 relin-

303 1852 449 1903 -quarn
478 1855 563 1887 vos
590 1841 839 1902 orphanos,
872 1842 1007 1890 venio
1035 1842 1093 1889 ad
1127 1854 1208 1888 vos
1226 1876 1239 1896 ,
1274 1855 1357 1889 vos
1383 1840 1596 1889 videbitis
1618 1841 1751 1897 Me„
1786 1839 1890 1901 Joh.
1914 1838 2046 1886 XIV.
2078 1844 2150 1887 26.
2180 1853 2250 1900 27.
2268 1875 2302 1896 ‚,

306 1906 512 1971 Quando
532 1905 706 1953 venerit
726 1906 963 1953 Paracletus
977 1939 992 1963 ‚
1028 1920 1163 1969 quern
1184 1905 1284 1969 Ego
1303 1904 1502 1955 missurus
1523 1905 1617 1954 sum
1637 1905 1768 1953 vobis
1790 1919 1816 1951 a
1835 1905 1989 1961 Patre,
2024 1904 2200 1965 Spiritus
2219 1903 2299 1950 Ve-

313 1973 479 2027 ritatis,
515 1971 595 2018 Ille
616 1969 849 2019 testabitur
869 1970 929 2019 de
949 1973 1066 2026 Me,
1103 1971 1204 2033 Joh.
1227 1972 1339 2018 XV.
1368 1976 1442 2019 26.
1459 2008 1491 2031 ,,
1527 1970 1649 2034 Jesus
1668 1970 1901 2027 clamavit,
1936 1969 2116 2026 dicens,
2149 1968 2182 2016 si
2202 1971 2301 2031 quis

307 2033 525 2092 sitiverit,
557 2035 711 2083 venito
736 2035 794 2084 ad
814 2038 901 2084 Me
929 2035 980 2085 &
1001 2035 1172 2095 bibit03
1194 2035 1385 2099 quisquis
1411 2038 1552 2085 credit
1571 2037 1616 2084 in
1640 2037 1748 2092 Me,
1785 2034 1894 2082 sicut
1914 2033 2025 2081 dixit
2045 2034 2271 2095 Scriptura
2287 2069 2302 2092 ,

305 2098 499 2148 flumina
518 2115 548 2148 e
566 2114 723 2148 ventre
747 2101 885 2165 Ipsius
908 2101 1050 2150 fluent
1069 2116 1197 2166 aquae
1217 2101 1434 2152 viventis:
1451 2103 1540 2150 hoc
1560 2102 1672 2150 dixit
1694 2101 1754 2147 de
1776 2101 1958 2162 Spiritu,
1982 2115 2115 2161 quem
2137 2114 2299 2159 accep·

315 2164 405 2212 turi
436 2178 563 2213 erant
581 2166 813 2214 credentes
833 2167 877 2214 in
898 2167 1059 2227 Ipsum.
1126 2167 1313 2213 Nondum
1333 2179 1422 2214 erat
1445 2169 1619 2228 Spiritus
1640 2166 1837 2221 Sanam,
1870 2166 1963 2223 quia
1986 2161 2111 2223 Jesus
2132 2164 2301 2207 nondum

288 2228 561 2291 -glorificatus
593 2242 726 2289 erat„
760 2232 863 2293 Joh.
891 2232 1000 2279 Vll.
1031 2246 1103 2293 37.
1134 2236 1206 2291 38.
1235 2246 1356 2291 39„
1388 2231 1511 2295 Jesus
1531 2230 1759 2292 inspiravit
1778 2228 1823 2275 in
1846 2228 2125 2288 Discipulos,
2161 2223 2298 2274 &di-

251 2348 253 2350 ,
312 2293 406 2349 xit,
442 2294 637 2354 accipite
660 2297 855 2354 Spiritum
875 2298 1093 2352 Sanfflsm,
1129 2296 1231 2356 Joh.
1254 2296 1357 2342 XX.
1381 2309 1454 2342 22.
1492 2295 1631 2360 Quod
1652 2293 1873 2342 Dominus
1894 2307 1974 2353 per
1993 2291 2270 2338 Paracletum
2284 2327 2299 2347 ‚

260 2410 264 2412 v
314 2357 530 2416 Spiritum
562 2357 808 2414 Veritatis,
843 2357 892 2406 ἃ
918 2360 1131 2419 Spiritum
1163 2357 1376 2404 SanCtum
1411 2358 1675 2405 intellexerit
1695 2360 1755 2405 Se
1778 2355 1952 2417 Ipsum,
1989 2366 2115 2416 patet
2145 2355 2203 2402 ab
2222 2355 2305 2404 illis

312 2419 505 2467 Domini
538 2420 709 2476 verbis,
744 2421 843 2480 quod
875 2421 1057 2468 Munius
1085 2422 1205 2468 Illum
1232 2422 1357 2467 adhuc
1389 2437 1464 2467 non
1491 2421 1758 2483 cognofieret,
1789 2434 1881 2466 non
1902 2421 2022 2467 enirn
2042 2419 2191 2468 adhue
2215 2435 2298 2468 co-

259 2481 265 2487 ’
304 2483 588 2547 μζςιιοίὶκτὶπιηῑ
626 2486 901 2544 Dominum;
933 2484 984 2533 δι’
1020 2501 1125 2534 curn
1154 2485 1291 2542 dixit,
1323 2486 1443 2548 quod
1473 2485 1671 2535 missurus
1702 2485 1754 2531 fit
1772 2483 1919 2548 illurn,
1953 2484 2110 2542 addit,
2145 2499 2221 2532 non
2238 2501 2305 2532 re·

315 2551 491 2609 linquam
517 2563 590 2595 vos
618 2551 831 2612 orphanos,
864 2552 977 2598 venio
1013 2551 1186 2603 ael-vos,
1226 2548 1280 2603 ἐξ
1301 2552 1498 2614 videbitis,
1516 2553 1590 2598 Me
1611 2587 1644 2609 „
1679 2549 1781 2612 Joh.
1803 2548 1932 2597 XIV.
1962 2554 2019 2598 16
2040 2549 2098 2597 ad
2123 2565 2195 2608 19.
2220 2555 2300 2598 26.

318 2619 377 2665 28
394 2630 410 2662 .·
441 2611 492 2661 &
511 2610 614 2662 alibi
638 2647 670 2673 ‚‚
708 2616 813 2661 Ecce
834 2616 924 2677 Ego
945 2618 1145 2662 vobiscum
1161 2614 1255 2672 sum
1275 2617 1454 2671 omnibur
1479 2617 1613 2663 diebus
1630 2614 1745 2677 usque
1762 2614 1817 2660 ad
1831 2612 2198 2675 confitmmationem
2210 2612 2300 2676 sae-

318 2680 436 2737 culi„
469 2680 643 2727 Matth.
664 2679 887 2727 XXVllI.
912 2695 996 2730 20:
1027 2678 1078 2728 ἀ
1098 2695 1202 2729 cum
1226 2680 1429 2727 Thomas
1452 2681 1591 2740 dixit,
1628 2695 1718 2727 non
1740 2679 1902 2727 scimus
1920 2695 2008 2742 quo
2029 2680 2122 2727 abis
2137 2715 2151 2735 ‚
2185 2679 2300 2728 dicit

318 2744 469 2806 Jesus,
489 2745 596 2804 ⁴Ego
611 2743 707 2806 jum
742 2745 822 2791 Via
849 2743 908 2798 E?
943 2746 1157 2802 Veritas„
1192 2745 1295 2808 Joh.
1327 2746 1464 2792 XIV.
1505 2751 1551 2795 6.
1619 2745 1739 2810 Quia
1771 2743 1959 2806 Spiritus
1984 2744 2203 2793 Veritatis
2223 2745 2299 2794 feu

318 2809 507 2870 Spiritus
525 2807 712 2857 Sanetus
732 2808 798 2857 est
815 2810 936 2858 idem
960 2826 1063 2858 cum
1082 2811 1312 2867 Domino,
1347 2810 1439 2877 Qui
1458 2809 1523 2858 est
1544 2809 1636 2873 ipsa
1661 2810 1837 2857 Veritas
1854 2846 1866 2863 ,
1900 2810 2007 2857 ideo
2027 2810 2165 2859 etiam
2184 2810 2299 2859 dici-

317 2878 463 2931 tur,‚‚
500 2875 685 2920 Nondum
718 2885 805 2920 erat
837 2877 1012 2935 Spiritus
1046 2877 1243 2931 Sanetus,
1277 2876 1367 2935 quia
1398 2873 1524 2936 Jefizs
1552 2875 1720 2922 nondum
1748 2872 1997 2935 glorificatus
2025 2872 2158 2935 erat„
2191 2875 2301 2935 Joh.

318 2938 434 2985 VlI.
465 2952 687 3000 393112111
707 2937 806 2999 post
829 2939 1218 3000 Glorificationern
1238 2939 1311 2987 seu
1332 2941 1573 3002 plenariam
1596 2940 1861 2989 Unitionem
1881 2954 1983 2988 curn
2005 2941 2165 2998 Patre,
2202 2954 2301 3004 quae

312 3001 440 3051 ‘facia
461 3001 526 3050 est
544 3019 622 3064 per
646 3003 891 3058 Paffionem
916 3004 1059 3053 crucis
1073 3038 1087 3061 ‚
1119 3018 1230 3053 tunc
1249 3018 1343 3052 erat
1364 3006 1588 3053 Dominus
1606 3004 1700 3069 ipsa
1709 3005 1881 3053 Divina
1892 3004 2120 3069 Sapientia
2141 3020 2196 3054 ac
2215 3007 2301 3053 Di-

319 3069 427 3116 vina
461 3070 664 3117 Veritas,
699 3068 761 3116 ita
794 3070 977 3132 Spiritus
1000 3069 1194 3130 Sanetus.
1265 3070 1403 3136 Quod
1428 3073 1649 3127 Dominus
1672 3069 1948 3132 inspiraverit
1970 3073 2017 3119 in
2040 3070 2305 3134 discipulos,

317 3131 373 3181 δι
402 3133 591 3192 dixerit,
627 3133 815 3194 accipite
849 3136 1063 3197 Spiritum
1099 3134 1336 3192 Sanffiim,
1369 3152 1465 3185 erat
1498 3137 1603 3201 quia
1635 3135 1780 3184 omnis
1799 3136 2055 3200 Respiratio
2075 3138 2167 3185 caeli
2192 3133 2253 3180 est
2274 3149 2303 3182 a

316 3197 549 3259 Domin03
584 3199 772 3264 Angelis
794 3201 915 3252 enirn
946 3216 1070 3266 aeque
1087 3217 1142 3253 ac
1170 3201 1423 3318 hoginibus
1449 3202 1518 3255 est
1546 3201 1802 3266 Respiratio
1820 3199 1873 3251 ἃ
1901 3202 2101 3254 Micatio
2122 3199 2298 3312 cordiisi}

1307 3281 1335 3315 2
2215 3278 2230 3312 1
