2508 3432
235 120 324 185 74
579 120 686 162 nn
768 99 1878 168 Nov-AH1aao·soi.YMA

226 243 283 275 ex
325 227 446 275 bono
483 225 670 273 naturali
706 223 877 274 faciunt
914 226 1106 286 bonurn,
1143 227 1194 276 δε
1234 243 1326 276 11011
1362 243 1418 276 ex
1453 229 1685 294 religione,
1721 230 2002 281 Conscientia
2024 248 2115 283 non
2137 235 2210 295 fit,

227 310 256 340 n
286 310 295 340 z
324 296 467 342 6208.

296 360 440 422 Qod
467 359 517 406 sit
543 358 715 407 homini
742 358 1022 407 Conscientia
1042 375 1098 407 ex
1121 359 1210 408 suae
1233 359 1447 409 Ecclesiae
1475 362 1694 420 doctrina,
1728 376 1804 412 aut
1826 381 1883 412 ex
1905 364 2128 429 religioso,
2162 367 2214 416 δε
2240 373 2242 375 ’

227 425 471 471 secundum
510 426 575 483 id,
612 441 639 471 n
666 442 677 472 ε
706 441 762 488 91
778 442 846 474 12.
917 426 1061 490 Qod
1086 425 1368 474 Conscientia
1387 427 1508 490 apud
1534 429 1764 477 hominem
1790 430 2010 480 formetur
2032 449 2088 481 ex
2110 433 2213 491 illis,

226 506 333 552 quae
374 491 472 539 sunt
511 490 605 555 ejus
645 491 886 554 religionis,
922 492 970 539 &
994 492 1137 539 credit
1160 508 1261 539 vera
1284 491 1382 548 effe,
1420 509 1483 539 n:
1520 510 1654 555 ¹077·
1683 511 1826 559 2053.
1854 515 1996 562 9113.
2069 499 2216 564 Qod

227 557 507 605 Conscientia
550 558 603 604 fit
635 557 870 604 vinculum
908 558 1152 614 internum,
1185 574 1283 620 quo
1317 570 1493 605 tenetur
1527 559 1669 608 homo
1706 563 1763 609 ad
1798 565 2112 628 cogitandum,
2146 566 2216 613 lo-

226 625 484 686 quendum,
519 622 569 671 &
594 622 848 671 faciendum
886 623 1058 671 bonum
1080 647 1093 679 ·,
1129 624 1180 671 ὅτ
1203 639 1298 687 0110
1321 624 1545 671 detinetur
1565 641 1590 672 a
1614 627 1876 691 cogitando,
1911 630 2141 694 loquendo
2164 634 2215 682 δε

227 688 436 736 faciendo
477 690 667 746 1112111111,
703 690 754 736 δε
786 690 872 736 hoc
913 704 1002 736 non
1043 703 1227 752 propter
1265 689 1308 737 se
1346 691 1395 736 ὅτ
1440 692 1683 748 mundum,
1719 693 1791 741 sed
1815 708 1998 758 propter
2021 695 2213 755 bonum,

227 770 407 812 verum,
435 754 610 819 justum
635 757 683 803 &
707 756 896 812 rectum,
933 771 962 801 n
992 773 1001 801 :
1036 771 1173 820 1919.
1202 773 1345 821 9¹²0·
1418 756 1563 814 Quod
1586 757 1866 808 Conscientia
1899 762 1953 808 fit
1990 763 2217 811 dictamen

228 823 474 878 internum,
509 823 635 885 quod
675 824 736 869 ita
761 823 833 869 vel
858 837 949 868 non
975 823 1033 868 ita
1056 821 1108 867 sit
1131 821 1407 879 faciendum,
1442 839 1473 869 n
1498 840 1510 870 :
1543 839 1680 888 1919.
1714 840 1852 887 1935.
1923 828 2066 891 Qod
2091 829 2216 875 Con-

226 887 407 936 scientia
447 888 499 935 sit
537 887 803 935 conscientia
840 889 934 935 veri
975 889 1023 936 &
1063 888 1170 935 reEti
1209 890 1255 936 in
1295 888 1369 936 sua
1398 887 1592 946 essentia,
1627 907 1656 937 n
1684 909 1696 938 ε
1722 894 1833 949 986.
1861 895 2001 943 8081.
2070 894 2217 954 Qod

227 969 349 1002 nova
371 955 580 1002 voluntas
605 955 727 1018 apud
749 954 981 1001 hominem
1007 954 1278 1017 spiritualem
1304 968 1613 1018 regeneratum
1639 957 1692 1004 fit
1711 956 2004 1014 Conscientia,
2031 975 2082 1006 n:
2103 962 2216 1022 928.

234 1035 374 1080 1023.
409 1037 547 1081 1043,
579 1037 717 1081 1044.
741 1037 888 1084 4299.
927 1024 1072 1082 4328.
1108 1037 1255 1085 4493.
1291 1038 1434 1087 9115.
1471 1022 1617 1087 9596.
1688 1024 1835 1088 Qod
1855 1039 1912 1072 ex
1936 1025 2218 1074 Conscientia

226 1085 280 1134 sit
304 1087 394 1134 vita
417 1086 648 1150 spiritualis
671 1087 866 1143 homini,
901 1102 957 1133 n:
979 1102 1035 1150 91
1052 1102 1123 1151 17.
2228 1100 2230 1102 ’

293 1154 438 1213 Qod
480 1153 533 1200 s1t
572 1152 854 1203 Conscientia
893 1168 1013 1208 vera,
1061 1151 1340 1200 Conscientia
1378 1151 1538 1216 spuria,
1586 1152 1636 1200 δε
1672 1151 1952 1202 Conscientia
1990 1153 2109 1212 falsa,
2160 1155 2218 1204 de

226 1219 408 1281 quibus,
447 1235 475 1265 n
501 1236 512 1266 :
546 1235 631 1281 103
642 1236 683 1282 3.
755 1218 901 1283 Qod
924 1215 1205 1265 Conscientia
1238 1235 1292 1265 eo
1325 1221 1468 1282 magis
1491 1235 1593 1266 vera
1631 1218 1701 1275 fit,
1737 1236 1832 1282 quo
1855 1237 1910 1267 ex
1934 1222 2049 1268 veris
2075 1223 2220 1284 magis

227 1286 433 1347 genuinis
473 1285 664 1332 formata
701 1284 779 1341 est,
818 1302 846 1331 n
872 1302 884 1331 t
912 1299 1053 1346 2053.
1084 1287 1227 1346 2063.
1250 1300 1394 1348 9114.
1463 1285 1609 1350 Qod
1647 1285 1930 1334 Conscientia
1968 1288 2014 1334 in
2053 1302 2219 1350 genere

227 1351 283 1398 fit
316 1350 503 1413 duplex,
540 1352 722 1399 interior
762 1353 809 1398 &
845 1351 1054 1406 exterior,
1089 1351 1213 1413 quod
1255 1353 1435 1397 interior
1472 1351 1526 1398 fit
1565 1351 1673 1398 boni
1710 1350 1963 1415 spiritualis,
2009 1353 2137 1416 quod
2171 1355 2218 1400 in

226 1415 299 1462 sua
321 1418 499 1463 efl‘entia
519 1417 584 1464 est
607 1432 786 1472 verum,
821 1418 868 1462 &
893 1416 1019 1477 quod
1043 1417 1234 1462 exterior
1255 1416 1307 1461 fit
1331 1416 1436 1462 boni
1461 1417 1642 1463 moralis
1667 1418 1715 1464 δι
1737 1418 1900 1474 civilis,
1922 1420 2050 1480 quod
2073 1419 2120 1466 in
2144 1417 2219 1466 sua

225 1481 401 1528 effentia
419 1481 483 1527 est
505 1482 724 1527 sincerum
748 1483 798 1526 ὅτ
815 1479 1009 1542 justum,
1045 1481 1091 1524 in
1115 1495 1276 1541 genere
1299 1480 1490 1537 rectum,
1527 1497 1556 1527 n
1576 1498 1587 1527 :
1612 1485 1752 1540 8042.
1780 1483 1950 1546 10296.

294 1547 441 1610 Qod
477 1546 608 1594 dolor
633 1545 929 1594 Conscientiae
954 1544 1008 1591 fit
1026 1547 1220 1592 anxietas
1245 1547 1425 1602 mentis,
1460 1559 1645 1609 propter
1663 1544 1897 1606 injustum,
1933 1548 2220 1606 insincerum,

223 1613 274 1661 &
311 1612 621 1675 quodcunque
660 1612 851 1668 malum,
902 1610 1030 1672 quod
1076 1610 1218 1656 homo
1255 1611 1398 1656 credit
1439 1611 1522 1656 effe
1559 1622 1714 1657 contra
1751 1613 1925 1667 Deum,
1973 1614 2022 1658 &
2061 1626 2220 1660 contra

225 1679 408 1726 bonum'
437 1676 653 1741 proximi,
696 1693 726 1722 11
751 1694 764 1724 :
791 1692 934 1736 7217.
1004 1674 1051 1720 Si
1087 1674 1272 1720 anxium
1311 1672 1512 1730 sentitur,
1558 1690 1668 1721 cum
1704 1674 1846 1723 homo
1878 1677 2049 1740 cogitat
2083 1678 2221 1735 male,

225 1747 352 1810 quod
377 1757 432 1791 ex
456 1741 738 1790 Conscientia
771 1742 839 1798 fit,
876 1756 905 1788 n
931 1757 942 1787 t
971 1754 1115 1803 5470.
1186 1739 1333 1795 Quod
1354 1739 1652 1800 Conscientiae
1676 1740 1807 1788 dolor
1830 1741 1882 1789 fit
1900 1737 2010 1806 *angi
2032 1755 2220 1808 propter

226 1811 398 1858 malum
435 1808 562 1872 quod
602 1807 744 1866 homo
781 1805 907 1862 facit,
941 1817 994 1852 ut
1014 1806 1065 1853 ὅτ
1089 1817 1274 1869 propter
1297 1807 1592 1869 privationem
1625 1806 1804 1855 boni&
1831 1810 1941 1866 veri,
1977 1825 2007 1855 11
2033 1827 2044 1857 1
2074 1824 2218 1874 7217.

227 1877 353 1940 Qia
384 1876 601 1923 Tentatio
639 1874 700 1921 est
742 1887 899 1937 pugna
933 1873 1029 1918 veri
1064 1873 1113 1919 &
1152 1871 1244 1920 falfi
1283 1873 1329 1920 in
1365 1873 1650 1921 interioribus
1691 1874 1902 1930 hominis,
1939 1876 1987 1922 &
2020 1876 2126 1938 quia
2166 1877 2213 1930 in

224 1941 546 1990 tentationibus
585 1939 649 1987 est
687 1941 820 1987 dolor
862 1941 911 1987 &
950 1938 1161 1995 anxietas,
1195 1939 1322 2001 quod
1359 1940 1462 1986 ideo
1501 1955 1592 1987 non
1630 1939 1703 1986 alii
1740 1942 1788 1986 in
1808 1941 2098 1988 Tentationes
2131 1939 2225 2005 spi--

224 2009 402 2056 rituales
435 2007 746 2063 admittantur,
777 2021 920 2069 quam
942 2005 1024 2068 qui
1045 2004 1359 2052 conscientiam
1383 2005 1560 2062 habent,
1597 2022 1655 2053 n:
1683 2010 1813 2069 847..

291 2076 392 2133 Qui
417 2073 748 2122 Conscientiam
781 2072 963 2127 habent,
999 2071 1123 2133 quod
1163 2086 1217 2118 ex
1252 2072 1387 2118 corde
1427 2073 1668 2134 loquantur
1702 2074 1751 2119 ὅτ
1784 2085 1936 2133 agant,
1972 2089 2002 2118 n
2029 2089 2040 2118 :
2071 2087 2220 2135 7935.

228 2155 371 2203 9114.
443 2141 542 2201 Qui
575 2138 906 2187 Conscientiam
948 2137 1127 2196 habent,
1178 2138 1302 2200 quod
1346 2139 1391 2184 in
1432 2153 1599 2184 vanum
1642 2153 1731 2183 non
1771 2136 1935 2200 jurent,
1983 2154 2042 2183 n:
2073 2140 2215 2195 2842.

227 2201 329 2271 Qi
353 2206 684 2254 Conscientiam
707 2203 886 2260 habent,
916 2203 1046 2267 quod
1086 2205 1132 2250 ’111
1168 2202 1441 2250 beatitudine
1475 2204 1682 2250 interiore
1704 2203 1805 2259 sint,
1841 2203 2025 2265 quando
2048 2200 2221 2249 faciunt

230 2274 402 2322 bonurn
443 2273 493 2320 &
523 2269 700 2335 justum
739 2270 986 2319 secundum
1025 2269 1356 2326 conscientiam,
1392 2286 1457 2316 n:
1486 2271 1630 2333 9118.
1702 2269 1801 2332 Qi
1834 2267 2145 2314 conscientiam
2174 2270 2225 2314 in.

226 2338 408 2387 mundo
437 2337 620 2395 habent,
651 2337 782 2401 quod
821 2337 957 2384 etiam
994 2335 1309 2383 conscientiam
1345 2337 1393 2381 in
1431 2336 1563 2381 altera
1585 2336 1678 2379 vita
1711 2335 1913 2391 habeant,
1948 2348 1996 2380 ae
2021 2334 2079 2380 ibi
2106 2336 2222 2380 inter

227 2405 379 2453 felices
401 2403 504 2461 sint,
539 2420 570 2451 n
593 2421 607 2452 ι
633 2404 745 2468 965.
812 2401 963 2461 Quod
995 2401 1193 2448 influxus
1215 2399 1340 2446 Coeli
1372 2398 1429 2446 fit
1463 2401 1509 2447 in
1540 2399 1871 2447 Conscientiam
1912 2399 2031 2461 apud
2069 2396 2218 2446 homi-

228 2487 353 2529 nem,
395 2486 428 2517 n
454 2487 467 2517 ε
492 2469 638 2534 6207.
654 2468 809 2532 -6213,
834 2483 980 2532 9122.
1049 2466 1195 2528 Qod
1232 2465 1460 2513 Dominus
1505 2479 1630 2528 regat
1671 2465 1902 2512 hominem
1947 2464 2217 2527 spiritualem

229 2553 310 2602 per
344 2536 678 2592 conscientiam,
725 2550 836 2598 quae
870 2533 922 2581 eiv
946 2532 1010 2580 est
1049 2532 1288 2580 vinculum
1326 2531 1571 2587 internum,
1627 2547 1691 2578 n:
1722 2535 1859 2594 1835.
1892 2534 2028 2578 1862-
2118 2532 2223 2596 Qii

232 2602 564 2651 Conscientiam
612 2601 795 2658 habent,
841 2599 969 2664 quod
1003 2599 1269 2646 'interiorem
1313 2599 1637 2660 cogitationem
1687 2597 1892 2653 habeant,
1941 2598 2022 2660 qui
2066 2610 2226 2644 autern

224 2684 325 2718 -nou
364 2668 697 2716 Conscientiam
741 2666 926 2723 habent,
977 2665 1106 2729 quod
1148 2663 1292 2712 modo
1335 2665 1655 2726 cogitationem
1700 2665 1965 2710 exteriorem
2015 2663 2222 2719 habeant,

234 2751 475 2800 n:1919.
508 2751 647 2798 1935.
731 2733 831 2799 Qi
870 2731 1200 2781 Conscientiam
1248 2729 1427 2786 habent,
1476 2731 1601 2794 quod
1645 2744 1703 2777 ex
1746 2729 1957 2793 spirituali
2002 2731 2219 2792 cogitent,

231 2802 312 2864 0111
362 2812 512 2847 autern
569 2816 664 2847 non
705 2799 1040 2847 Conscientiam
1083 2797 1263 2854 habent,
1315 2796 1441 2860 quod
1488 2796 1638 2845 modo>
1671 2812 1733 2843 ex
1770 2796 1956 2843 naturali
2000 2797 2226 2857 cogitent,

139 2923 145 2928 ,¹
233 2883 302 2916 n:
335 2868 472 2915 1820.
560 2866 660 2929 Qi
705 2881 796 2912 non
838 2863 1154 2914 conscientiam
1199 2863 1379 2921 habent,
1420 2865 1548 2928 quod
1597 2862 1744 2910 modo
1780 2865 1950 2912 externi
1996 2861 2226 2915 homines,

234 2933 338 2990 int,
372 2947 402 2979 n
422 2950 436 2979 :
458 2946 608 2995 4459.
677 2930 826 2994 Qod
850 2932 1078 2980 Dominus
1115 2930 1234 2989 illos„
1266 2930 1348 2996 qui
1386 2945 1477 2978 non
1509 2929 1838 2978 Conscientiam
1875 2929 2056 2982 habent,
2093 2939 2218 2988 regat

234 3013 317 3062 per
353 2998 538 3046 vincula
573 3007 771 3054 externa,
804 3012 910 3059 quae
947 2997 1049 3046 sunt
1086 2998 1240 3047 omnia
1275 3011 1383 3062 quae
1419 2996 1521 3046 sunt
1557 2997 1723 3045 amoris
1757 2995 1823 3043 sui
1862 2995 1912 3045 &
1949 2991 2128 3046 mundi,
2165 3006 2216 3038 ac

232 3065 338 3114 ‘nde
360 3065 536 3194 timgris
550 3060 740 3128 jaffluae
760 3060 915 3134 fama
948 3062 1442 3134 honoriss'funCiionis,
1476 3065 1612 3125 lucri,
1641 3076 1809 3127 opum,
1833 3076 1887 3109 -ac
1908 3060 2084 3173 11111οὲ13
2092 3056 2226 3171 ἓξὲξ

1445 3174 1458 3186 υ
2117 3163 2119 3165 ’
2202 3157 2226 3181 ,a
