2632 3516
195 246 1807 343 4qC0NT1va'AT10

196 377 433 437 exstitiit-23
467 374 518 426 δι
544 375 663 439 quod
692 388 802 425 tunc
833 375 1012 425 Animae
1042 375 1274 425 hominum
1308 389 1552 440 recepturae
1581 377 1664 428 fint
1693 380 1767 430 sua
1786 396 1975 446 corpora
2003 419 2016 442 ‚
2048 380 2098 431 ἀ
2119 380 2185 432 sse

194 445 332 492 homo
367 443 535 491 futurus
560 443 700 490 homo
720 441 827 489 ficut
849 442 983 505 prius.
1035 442 1153 490 Haec
1176 441 1330 504 opinio
1349 441 1458 490 fidei
1482 441 1601 491 fasta
1625 443 1691 493 est
1711 461 1768 495 ex
1786 461 1844 495 eo
1860 484 1874 507 ,
1912 447 2032 511 quod
2059 448 2178 496 Ver-

195 509 300 557 bum
323 523 413 556 non
444 509 572 555 aliter
592 505 863 555 intelle&um
898 505 950 555 sit
981 522 1116 570 quarn
1147 505 1384 555 secundum
1415 506 1583 555 sensum
1615 508 1751 558 literae
1777 511 1902 574 ejus,
1937 528 2023 561 nec
2056 513 2182 561 aliter

196 573 344 635 potuit
365 572 581 635 intelligi,
614 584 851 634 antequam
877 570 1019 619 sensus
1043 571 1137 634 ejus
1158 562 1386 635 spiritualis
1412 571 1610 620 detthus
1632 572 1718 622 est:
1750 586 1920 627 tumex
1945 592 2025 633 eo,
2062 577 2182 639 quod

197 652 224 685 a
246 638 397 686 multis
427 636 607 685 induEia
637 636 690 683 sit
713 635 825 689 fides
840 671 856 691 ,
891 636 1011 700 quod
1029 637 1196 699 Anima
1218 635 1432 684 sit-modo
1451 637 1609 684 halitus
1632 638 1949 701 exspiratus-ab
1975 641 2183 699 homine;

190 703 400 766 quodque
421 702 612 764 Spiritus
638 700 722 749 fint
754 699 1002 750 substantiae
1034 701 1182 759 venti,
1218 700 1415 748 fimiliter
1435 702 1626 764 Angeli:
1661 705 1867 764 quamdiu
1901 720 1989 753 non
2022 707 2114 767 plus
2135 708 2181 754 in

195 767 417 816 inteneetu
449 769 507 814 de
537 768 797 824 animabus,
833 766 977 829 deque
1010 766 1226 828 spiritibus
1248 765 1296 813 ἃ
1329 766 1386 813 de
1416 767 1582 829 angelis
1613 765 1727 827 fuit,
1761 783 1849 818 non
1881 771 2026 832 potuit
2058 772 2181 819 aliter

119 845 121 847 ·
196 833 388 897 cogitari
424 832 483 880 de
511 832 684 880 Ultimo
714 832 907 895 Judicio.
973 831 1063 878 Sed
1095 830 1271 894 qnando
1293 830 1337 879 in
1356 830 1627 878 intelleRum
1647 832 1800 892 venit,
1833 836 1949 897 quod
1973 834 2110 882 homo
2130 834 2183 883 sit

192 898 335 947 homo
354 896 455 961 post
474 910 695 954 mortem,
731 896 1107 959 quemadmodum
1132 895 1216 943 fuit
1238 897 1375 943 horno
1397 897 1440 943 in
1460 896 1667 955 mundo‚'
1689 913 1792 946 cum
1822 898 1906 946 sola
1927 898 2182 948 differentia

195 965 316 1025 quod
353 977 459 1011 tunc
489 963 663 1011 indutus
697 961 747 1008 fit
781 977 971 1022 corpore
1004 962 1239 1022 spirituali,
1275 961 1324 1007 ἃ
1358 976 1446 1008 non
1478 962 1663 1009 naturali
1685 961 1791 1009 sicut
1812 963 1955 1025 prius,
1992 962 2041 1010 ὃ(
2064 964 2184 1025 quod

196 1030 368 1090 Corpus
402 1029 622 1091 spirituale
652 1041 807 1075 coram
834 1027 915 1074 illis
946 1027 1018 1089 qui
1041 1026 1278 1088 spirituales
1299 1024 1420 1082 sunt,
1457 1025 1593 1073 fimile
1618 1041 1854 1089 appareat,
1887 1028 2177 1091 quemadmo-

195 1094 367 1155 Corpus
399 1091 597 1140 naturale
630 1103 815 1154 apparet
851 1107 1002 1138 coram
1032 1092 1112 1139 illis
1141 1092 1213 1154 qui
1245 1091 1462 1137 naturales
1494 1090 1588 1138 sunt
1609 1128 1624 1150 ‚
1660 1104 1767 1139 tune
1786 1094 1918 1140 etiam
1946 1093 1991 1140 in
2014 1094 2180 1142 intelle·

195 1157 317 1206 stum
346 1159 498 1206 venire
531 1156 676 1220 potest
692 1189 707 1212 ‚
738 1157 855 1217 quod
883 1157 1100 1204 Ultimum
1128 1155 1351 1218 Judicium
1378 1170 1476 1218 *non
1496 1155 1689 1203 futurum
1712 1155 1763 1203 fit
1785 1158 1828 1204 in
1850 1157 2029 1204 Mundo
2051 1172 2178 1206 natu·

196 1224 277 1272 rali
297 1259 311 1280 ‚
346 1222 421 1271 sed
453 1223 497 1270 in
532 1221 712 1270 Mundo
745 1221 987 1282 spirituali3
1017 1221 1064 1270 in
1090 1220 1181 1269 hoc
1213 1219 1392 1268 Mundo
1424 1219 1543 1268 enim
1572 1234 1729 1269 omnes
1762 1220 1965 1270 homines
1997 1221 2179 1286 usquam

198 1289 291 1338 nati
325 1287 376 1337 δι
409 1287 609 1335 defunffl
643 1287 766 1334 fimul
799 1285 909 1334 sunt.
1694 1327 1696 1330 ,
1911 1328 1914 1331 .

260 1369 307 1412 4.
344 1353 538 1420 Quando
575 1353 661 1400 hoc
693 1351 738 1399 in
770 1349 1041 1399 intelleAEtum
1075 1349 1227 1408 venit,
1261 1362 1368 1400 tunc
1396 1349 1591 1413 diffipari
1611 1349 1782 1413 poss‘unt
1802 1352 2050 1415 paradoxa,
2083 1369 2183 1417 quae

194 1419 334 1467 homo
364 1418 554 1481 alioquin
573 1416 848 1480 cogitaturus
868 1415 976 1464 esset
995 1416 1053 1463 de
1073 1415 1188 1464 statu
1209 1417 1454 1464 animarum
1508 1415 1574 1463 ost
1595 1430 1783 1464 mortem
1801 1451 1816 1476 ‚
1849 1417 1908 1465 de
1935 1417 2182 1468 reunitione

190 1485 364 1533 illarum
395 1499 496 1532 cum
523 1482 784 1547 corporibus
816 1480 1099 1544 putrefactis,
1135 1480 1182 1530 ἂ
1212 1482 1270 1529 de
1297 1480 1440 1529 destru
1490 1483 1591 1528 ione
1613 1481 1821 1530 Univerfi
1840 1484 1999 1540 creati,
2036 1482 2102 1532 ita
2121 1483 2180 1532 de

197 1550 373 1598 Ultimo
403 1549 596 1612 Judicio.
664 1549 740 1596 De
769 1546 882 1595 statu
905 1547 1148 1595 animarum
1172 1546 1271 1609 post
1291 1559 1481 1594 mortem
1501 1546 1773 1608 cogitaturus
1796 1546 1903 1595 ess'et
1930 1549 2025 1595 haec
2052 1565 2179 1610 para·

195 1615 343 1673 doxa3
374 1614 496 1679 quod
522 1613 664 1663 homo
696 1625 802 1662 tunc
830 1612 940 1660 effer
969 1611 1079 1661 ficut
1109 1611 1290 1669 halituS,
1326 1623 1401 1660 aut
1439 1611 1550 1659 ficut
1574 1624 1758 1668 ventus,
1794 1623 1870 1659 aut
1887 1610 1997 1659 ficut
2018 1614 2178 1671 aether,

196 1680 268 1728 vel
294 1679 484 1728 volitans
505 1679 550 1728 in
573 1694 700 1734 aere,
734 1678 806 1727 vel
826 1693 915 1726 non
937 1692 1119 1726 manens
1141 1678 1185 1726 in
1204 1677 1330 1735 loc0,
1366 1675 1504 1723 sedin
1527 1675 1648 1731 Ubi,
1683 1674 1804 1737 quod
1823 1689 1987 1727 vocant
2007 1678 2069 1724 Pu
2085 1714 2099 1736 ,
2125 1693 2181 1725 ac

198 1744 306 1793 nihil
336 1744 510 1793 videret
539 1744 640 1807 quia
663 1759 754 1792 non
781 1744 823 1792 ei
857 1743 1002 1800 oculi,
1036 1742 1141 1790 nihil
1169 1742 1342 1788 audiret
1363 1739 1465 1802 quia
1489 1753 1576 1785 non
1597 1738 1641 1786 ei
1665 1754 1815 1796 aures,
1851 1741 1958 1788 nihil
1978 1734 2191 1804 loquere--¹

201 1821 272 1856 tur
295 1808 398 1873 quia
425 1823 515 1856 non
551 1809 593 1856 ei
622 1824 697 1863 os,
733 1808 797 1855 ita
828 1806 945 1854 foret
980 1821 1150 1861 caecus,
1186 1804 1333 1852 surdus
1355 1803 1405 1851 δι
1427 1816 1573 1850 mutus
1591 1839 1601 1853 .
1638 1801 1687 1850 ἃ
1708 1804 1872 1867 jugiter
1893 1805 1937 1853 in
1957 1805 2184 1869 exspetim-

202 1874 326 1921 tione
347 1909 361 1932 ‚
397 1889 499 1935 quoe
524 1887 613 1920 non
636 1870 782 1934 potest
809 1885 898 1917 non
929 1868 1058 1917 tristis
1080 1868 1194 1927 effe,
1227 1867 1286 1916 de
1305 1868 1562 1930 receptione
1583 1866 1862 1917 funCtionum
1887 1868 2066 1919 istarum
2087 1873 2184 1919 ani-

203 1953 391 1995 mae‚·ex
414 1939 566 2000 quibus
586 1950 721 1984 omne
740 1933 984 1997 jucundum
1006 1934 1111 1981 vitae
1129 1933 1222 1996 ejus
1243 1931 1333 1992 est,
1355 1933 1429 1980 die
1459 1932 1619 1981 Ultimi
1644 1933 1831 1994 Judicii:
1863 1933 1912 1982 ἃ
1930 1934 2049 1997 quod
2066 1936 2109 1983 in
2136 1934 2186 1982 fi-

203 2003 297 2051 mili
327 2001 442 2050 statu
471 2000 633 2049 ‘misero
663 1998 800 2048 effent
816 2000 992 2046 Animae
1018 1998 1217 2047 omnium
1239 1998 1470 2045 hominurn
1491 2012 1516 2043 a
1536 1996 1677 2059 prima
1706 1998 1958 2054 creatione,
1980 1996 2031 2046 ἃ
2054 1998 2174 2063 quod

203 2067 263 2115 illi
284 2067 357 2129 qui
378 2080 481 2114 ante
502 2080 567 2125 50
589 2080 642 2113 ac
659 2071 724 2114 60
755 2064 909 2111 saecula
933 2064 1166 2120 vixerunt,
1199 2061 1359 2125 adhuc·
1377 2062 1422 2110 in
1453 2075 1555 2109 aere
1583 2059 1776 2109 fimiliter
1804 2062 2073 2122 volitarent,
2108 2075 2186 2112 aut

205 2133 250 2180 in
273 2133 336 2179 Pu
358 2142 616 2185 manerent,
651 2127 702 2176 δι
727 2126 1031 2189 εκΓρεΕὶει-εηῑ
1055 2127 1301 2190 judicium:
1334 2138 1496 2187 praeter
1523 2124 1826 2173 lamentabilia
1858 2126 1956 2174 alia.

268 2210 312 2254 5.
351 2197 417 2244 Ut
440 2207 700 2258 praeterearn
729 2191 980 2255 paradoxa,
1016 2206 1114 2253 quae
1142 2190 1308 2246 homo,
1344 2190 1418 2249 qui
1439 2203 1530 2236 non
1550 2187 1630 2236 scit
1652 2188 1770 2251 quod
1795 2188 1894 2251 post
1916 2201 2108 2239 mortem
2130 2191 2185 2240 fit

205 2261 343 2310 homo
375 2258 482 2309 ficut
502 2259 645 2324 prius,
680 2258 952 2320 cogitaturus
974 2254 1083 2304 esset
1102 2257 1160 2303 de
1179 2252 1474 2302 destrufilione
1499 2248 1703 2301 Univerli
1721 2269 1734 2311 3
1754 2268 1852 2316 quae
1879 2252 2031 2303 similia
2061 2255 2182 2317 sunt‘,

206 2326 255 2374 <Sc
289 2340 414 2389 aeque
451 2325 605 2372 multa,
672 2322 847 2369 Verum
875 2336 977 2368 cum
1011 2321 1162 2378 novit,
1198 2319 1317 2382 quod
1350 2319 1488 2366 homo
1511 2315 1608 2380 post
1626 2332 1816 2365 mortem
1835 2334 1924 2365 non
1946 2318 1997 2367 srt
2026 2321 2184 2368 halitus

207 2404 282 2439 aut
304 2402 486 2448 ventus,
520 2388 595 2437 sed
628 2388 747 2450 quod
778 2386 828 2433 sit
847 2387 1056 2446 Spiritus,
1093 2401 1151 2434 ac
1169 2383 1198 2432 fr
1223 2387 1338 2434 bene
1357 2383 1494 2442 vixit,
1527 2383 1725 2445 Angelus
1750 2383 1794 2429 in
1819 2384 1963 2442 Caelo,
1989 2383 2037 2432 ἅ
2066 2385 2188 2447 quod

206 2455 375 2518 spiritus
407 2455 455 2514 δε
491 2453 636 2516 angeli
669 2453 813 2500 sintin
845 2450 1044 2513 perfeffla
1076 2451 1220 2498 forma
1251 2448 1482 2506 homines,
1514 2460 1621 2494 tunc
1658 2446 1806 2509 potest
1826 2449 1884 2495 de
1906 2448 2016 2494 statu
2045 2449 2186 2498 homi-

204 2537 312 2571 num
336 2515 436 2584 post
459 2533 677 2575 mortem,
711 2516 761 2564 ἃ
781 2517 837 2563 de
866 2517 1037 2564 Ultimo
1060 2515 1239 2576 Judicio
1255 2529 1308 2560 ex
1329 2510 1549 2560 intelleStu
1571 2514 1793 2574 cogitare,
1831 2512 1877 2559 <Sc
1903 2527 1991 2559 non
2011 2529 2064 2560 ex
2091 2514 2184 2562 fide

207 2586 405 2649 separata
438 2588 494 2633 ab
528 2582 776 2639 imelleetu,
813 2596 868 2628 ex
900 2597 984 2643 qna
1016 2578 1435 2628 merae'traditiones
1471 2591 1654 2625 exeunt:
1688 2577 1737 2624 δι
1767 2591 1941 2640 quoque
1962 2579 2107 2639 potest
2130 2594 2186 2627 ex

181 2649 431 2700 'intelleetu
463 2657 544 2712 pro
572 2662 696 2696 certo
723 2647 1016 2702 concludere,
1053 2645 1171 2707 quod
1198 2645 1419 2691 Ultimum
1449 2642 1695 2703 Judiciurn,
1731 2642 1787 2688 de
1815 2656 1907 2701 quo
1932 2643 2186 2704 praedicicur

211 2717 258 2765 in
279 2716 442 2764 Verbo
465 2752 479 2774 ‚
513 2730 602 2762 non
639 2711 897 2761 exstiturum
930 2711 980 2758 fit
1009 2710 1052 2757 in
1090 2708 1268 2757 Mundo
1303 2708 1515 2762 naturali,
1547 2706 1625 2752 ¹sed
1653 2707 1698 2753 in
1723 2705 1910 2754 Mundo
1951 2706 2184 2769 spirituali.

211 2780 287 2828 ubi
318 2795 473 2827 omnes
512 2777 632 2827 fimul
675 2779 803 2825 sunt:
846 2789 938 2823 tum
975 2775 1142 2832 etiarn,
1192 2772 1310 2836 quod
1349 2772 1568 2820 Ultimum
1598 2771 1862 2834 Judiciurn,
1897 2772 2074 2833 quando
2109 2773 2190 2831 fit,

212 2857 392 2905 propter
424 2844 564 2893 fidem
581 2844 756 2897 Verbi,
791 2842 1078 2889 revelandum
1114 2840 1179 2887 sit.
1277 2850 1282 2855 ·

278 2913 322 2954 ό.
357 2912 521 2970 Separa
541 2910 664 2957 terab
688 2908 787 2955 idea
807 2906 864 2952 de
893 2906 1059 2952 Anima
1078 2905 1197 2966 quod
1223 2904 1274 2952 sit
1295 2903 1403 2952 sieut
1425 2902 1586 2949 halitus
1603 2938 1614 2959 ,
1631 2899 1679 2949 ἆ
1700 2900 1848 2963 cogita
1868 2912 1974 2948 tunc
1990 2901 2048 2949 de
2072 2900 2186 2948 statu

212 2984 315 3030 tuo,
352 2985 428 3017 aut
462 2976 518 3019 de
550 2974 662 3020 statu
685 2972 952 3029 amicorum,
989 2984 1062 3018 aut
1085 2972 1142 3017 de
1163 2969 1274 3018 statu
1297 2969 1513 3017 infantum
1540 2980 1714 3012 tuorum
1741 2965 2074 3027 post-mortem.
2107 2979 2184 3011 an·

212 3051 302 3084 non
326 3036 542 3097 cogitabis
566 3038 682 3098 quod
705 3035 897 3084 vik'turus
929 3034 981 3082 sis
1017 3036 1180 3092 homo,
1218 3034 1265 3082 δε
1293 3034 1350 3081 de
1373 3032 1452 3081 illis
1478 3031 1706 3088 similiter,
1740 3031 1788 3076 <Sc
1814 3031 1913 3092 quia
1941 3029 2030 3076 fine
2059 3026 2185 3075 senli-

214 3101 295 3149 bus
330 3115 418 3148 non
448 3101 574 3147 datur
602 3099 694 3147 vita
719 3115 815 3161 quae
842 3102 959 3157 vita,
994 3115 1082 3146 non
1104 3100 1375 3160 potes-aliter
1408 3098 1634 3158 cogitare,
1669 3110 1799 3157 quam
1822 3093 1942 3156 quod
1961 3094 2093 3140 etiarn
2119 3091 2186 3137 vi·

217 3165 380 3226 deant,
412 3165 590 3214 audiant
612 3164 663 3214 ἃ
681 3166 940 3226 loquantum
973 3166 1039 3213 ita
1059 3179 1235 3229 quoque
1258 3164 1446 3213 scribunt
1465 3163 1770 3210 Parentatores
1797 3158 1922 3220 super
1941 3153 2184 3211 defunffis,

2017 3232 2189 3282 ponunt
