<?xml version="1.0" encoding="UTF-8"?>
<!DOCTYPE html PUBLIC "-//W3C//DTD XHTML 1.0 Transitional//EN"
    "http://www.w3.org/TR/xhtml1/DTD/xhtml1-transitional.dtd">
<html xmlns="http://www.w3.org/1999/xhtml" xml:lang="en" lang="en">
 <head>
  <title>
</title>
<meta http-equiv="Content-Type" content="text/html;charset=utf-8" />
  <meta name='ocr-system' content='tesseract 3.04.00' />
  <meta name='ocr-capabilities' content='ocr_page ocr_carea ocr_par ocr_line ocrx_word'/>
</head>
<body>
  <div class='ocr_page' id='page_1' title='image "./denovahierosolym00sweduoft_0259.png"; bbox 0 0 2502 3432; ppageno 0'>
   <div class='ocr_carea' id='block_1_1' title="bbox 1550 7 1591 105">
    <p class='ocr_par' dir='ltr' id='par_1_1' title="bbox 1550 7 1591 105">
     <span class='ocr_line' id='line_1_1' title="bbox 1550 7 1591 67; baseline -0.049 0"><span class='ocrx_word' id='word_1_1' title='bbox 1550 7 1591 67; x_wconf 58' lang='lat' dir='ltr'>i*-</span> 
     </span>
     <span class='ocr_line' id='line_1_2' title="bbox 1567 74 1580 105; baseline 0 0"><span class='ocrx_word' id='word_1_2' title='bbox 1567 74 1580 105; x_wconf 70' lang='lat' dir='ltr'>&#39;v&#39;</span> 
     </span>
    </p>
   </div>
   <div class='ocr_carea' id='block_1_2' title="bbox 502 120 2321 268">
    <p class='ocr_par' dir='ltr' id='par_1_2' title="bbox 502 120 2321 268">
     <span class='ocr_line' id='line_1_3' title="bbox 502 120 2321 268; baseline 0 -14"><span class='ocrx_word' id='word_1_3' title='bbox 502 192 607 255; x_wconf 74' lang='lat' dir='ltr'>Dr.</span> <span class='ocrx_word' id='word_1_4' title='bbox 658 150 1267 251; x_wconf 69' lang='lat' dir='ltr'>TEL‘LURIBUS</span> <span class='ocrx_word' id='word_1_5' title='bbox 1319 205 1389 248; x_wconf 74' lang='lat' dir='ltr'>m</span> <span class='ocrx_word' id='word_1_6' title='bbox 1438 120 1994 251; x_wconf 37' lang='lat' dir='ltr'>U&#39;N&#39;IVERsos</span> <span class='ocrx_word' id='word_1_7' title='bbox 2147 207 2237 268; x_wconf 78' lang='lat'>19</span> <span class='ocrx_word' id='word_1_8' title='bbox 2314 248 2321 254; x_wconf 94' lang='lat'><strong><em>.</em></strong></span> 
     </span>
    </p>
   </div>
   <div class='ocr_carea' id='block_1_3' title="bbox 237 312 2229 977">
    <p class='ocr_par' dir='ltr' id='par_1_3' title="bbox 237 312 2229 977">
     <span class='ocr_line' id='line_1_4' title="bbox 242 312 2229 389; baseline -0.005 -19"><span class='ocrx_word' id='word_1_9' title='bbox 242 338 340 389; x_wconf 82' lang='lat' dir='ltr'>prae</span> <span class='ocrx_word' id='word_1_10' title='bbox 363 318 643 387; x_wconf 82' lang='lat' dir='ltr'>sequentibus</span> <span class='ocrx_word' id='word_1_11' title='bbox 679 312 862 382; x_wconf 65' lang='lat' dir='ltr'>accepta</span> <span class='ocrx_word' id='word_1_12' title='bbox 894 313 1090 363; x_wconf 82' lang='lat' dir='ltr'>fuerint:</span> <span class='ocrx_word' id='word_1_13' title='bbox 1135 314 1185 362; x_wconf 77' lang='grc' dir='ltr'>δι</span> <span class='ocrx_word' id='word_1_14' title='bbox 1208 316 1316 384; x_wconf 84' lang='lat' dir='ltr'>quia</span> <span class='ocrx_word' id='word_1_15' title='bbox 1354 314 1450 361; x_wconf 90' lang='lat' dir='ltr'>talis</span> <span class='ocrx_word' id='word_1_16' title='bbox 1474 314 1608 361; x_wconf 86' lang='lat' dir='ltr'>status</span> <span class='ocrx_word' id='word_1_17' title='bbox 1644 314 1746 371; x_wconf 87' lang='lat' dir='ltr'>fuit,</span> <span class='ocrx_word' id='word_1_18' title='bbox 1784 317 1909 380; x_wconf 91' lang='lat' dir='ltr'>quod</span> <span class='ocrx_word' id='word_1_19' title='bbox 1945 315 2081 374; x_wconf 79' lang='lat' dir='ltr'>etiam</span> <span class='ocrx_word' id='word_1_20' title='bbox 2119 325 2229 364; x_wconf 87' lang='lat' dir='ltr'>tunc</span> 
     </span>
     <span class='ocr_line' id='line_1_5' title="bbox 244 376 2227 454; baseline -0.005 -17"><span class='ocrx_word' id='word_1_21' title='bbox 244 386 494 454; x_wconf 71' lang='lat' dir='ltr'>regnaverit</span> <span class='ocrx_word' id='word_1_22' title='bbox 514 379 793 443; x_wconf 74' lang='lat' dir='ltr'>Innocentia,</span> <span class='ocrx_word' id='word_1_23' title='bbox 813 383 863 430; x_wconf 76' lang='grc' dir='ltr'>δι</span> <span class='ocrx_word' id='word_1_24' title='bbox 887 396 1011 429; x_wconf 85' lang='lat' dir='ltr'>cum·</span> <span class='ocrx_word' id='word_1_25' title='bbox 1029 380 1104 428; x_wconf 86' lang='lat' dir='ltr'>illa</span> <span class='ocrx_word' id='word_1_26' title='bbox 1123 376 1380 443; x_wconf 67' lang='lat' dir='ltr'>Sapientia,</span> <span class='ocrx_word' id='word_1_27' title='bbox 1425 381 1548 442; x_wconf 81' lang='lat' dir='ltr'>quod</span> <span class='ocrx_word' id='word_1_28' title='bbox 1573 381 1758 442; x_wconf 76' lang='lat' dir='ltr'>quisque</span> <span class='ocrx_word' id='word_1_29' title='bbox 1792 395 1902 429; x_wconf 86' lang='lat' dir='ltr'>tunc</span> <span class='ocrx_word' id='word_1_30' title='bbox 1926 383 2098 435; x_wconf 79' lang='lat' dir='ltr'>bonum</span> <span class='ocrx_word' id='word_1_31' title='bbox 2121 397 2227 444; x_wconf 85' lang='lat' dir='ltr'>ege·</span> 
     </span>
     <span class='ocr_line' id='line_1_6' title="bbox 241 442 2223 512; baseline -0.004 -9"><span class='ocrx_word' id='word_1_32' title='bbox 241 456 302 503; x_wconf 90' lang='lat' dir='ltr'>rit</span> <span class='ocrx_word' id='word_1_33' title='bbox 333 446 570 509; x_wconf 66' lang='lat' dir='ltr'>eat-bono,</span> <span class='ocrx_word' id='word_1_34' title='bbox 607 448 666 498; x_wconf 85' lang='lat' dir='ltr'>ac.</span> <span class='ocrx_word' id='word_1_35' title='bbox 682 446 858 512; x_wconf 88' lang='lat' dir='ltr'>justum</span> <span class='ocrx_word' id='word_1_36' title='bbox 897 463 955 494; x_wconf 81' lang='lat' dir='ltr'>ex</span> <span class='ocrx_word' id='word_1_37' title='bbox 983 444 1145 510; x_wconf 81' lang='lat' dir='ltr'>juss03</span> <span class='ocrx_word' id='word_1_38' title='bbox 1199 446 1311 509; x_wconf 89' lang='lat' dir='ltr'>quid</span> <span class='ocrx_word' id='word_1_39' title='bbox 1350 442 1491 491; x_wconf 81' lang='lat' dir='ltr'>facere</span> <span class='ocrx_word' id='word_1_40' title='bbox 1534 445 1704 491; x_wconf 87' lang='lat' dir='ltr'>bonum</span> <span class='ocrx_word' id='word_1_41' title='bbox 1744 448 1793 493; x_wconf 74' lang='grc' dir='ltr'>δι</span> <span class='ocrx_word' id='word_1_42' title='bbox 1824 445 2001 508; x_wconf 84' lang='lat' dir='ltr'>justum</span> <span class='ocrx_word' id='word_1_43' title='bbox 2036 461 2223 510; x_wconf 86' lang='lat' dir='ltr'>propter</span> 
     </span>
     <span class='ocr_line' id='line_1_7' title="bbox 243 507 2223 578; baseline -0.004 -10"><span class='ocrx_word' id='word_1_44' title='bbox 243 516 460 568; x_wconf 75' lang='lat' dir='ltr'>honorem</span> <span class='ocrx_word' id='word_1_45' title='bbox 489 507 576 574; x_wconf 84' lang='lat' dir='ltr'>sui,</span> <span class='ocrx_word' id='word_1_46' title='bbox 611 515 691 563; x_wconf 86' lang='lat' dir='ltr'>aut</span> <span class='ocrx_word' id='word_1_47' title='bbox 710 526 897 578; x_wconf 82' lang='lat' dir='ltr'>propter</span> <span class='ocrx_word' id='word_1_48' title='bbox 933 513 1131 574; x_wconf 83' lang='lat' dir='ltr'>lucrum,</span> <span class='ocrx_word' id='word_1_49' title='bbox 1171 512 1300 574; x_wconf 91' lang='lat' dir='ltr'>quod</span> <span class='ocrx_word' id='word_1_50' title='bbox 1329 527 1420 557; x_wconf 89' lang='lat' dir='ltr'>non</span> <span class='ocrx_word' id='word_1_51' title='bbox 1450 509 1698 565; x_wconf 49' lang='lat' dir='ltr'>,sciverinu</span> <span class='ocrx_word' id='word_1_52' title='bbox 1740 512 1789 556; x_wconf 87' lang='lat'>&amp;</span> <span class='ocrx_word' id='word_1_53' title='bbox 1824 515 1950 573; x_wconf 88' lang='lat' dir='ltr'>quod</span> <span class='ocrx_word' id='word_1_54' title='bbox 1985 525 2093 563; x_wconf 88' lang='lat' dir='ltr'>tunc</span> <span class='ocrx_word' id='word_1_55' title='bbox 2128 529 2223 565; x_wconf 78' lang='lat' dir='ltr'>non</span> 
     </span>
     <span class='ocr_line' id='line_1_8' title="bbox 241 577 2221 650; baseline -0.004 -17"><span class='ocrx_word' id='word_1_56' title='bbox 241 581 418 650; x_wconf 69' lang='lat' dir='ltr'>loqwti</span> <span class='ocrx_word' id='word_1_57' title='bbox 450 581 536 630; x_wconf 80' lang='lat' dir='ltr'>sint</span> <span class='ocrx_word' id='word_1_58' title='bbox 556 581 635 629; x_wconf 78' lang='lat' dir='ltr'>nifi</span> <span class='ocrx_word' id='word_1_59' title='bbox 658 596 837 637; x_wconf 89' lang='lat' dir='ltr'>verum,</span> <span class='ocrx_word' id='word_1_60' title='bbox 877 581 925 627; x_wconf 79' lang='grc' dir='ltr'>δι</span> <span class='ocrx_word' id='word_1_61' title='bbox 950 579 1034 638; x_wconf 86' lang='lat' dir='ltr'>hoc</span> <span class='ocrx_word' id='word_1_62' title='bbox 1061 594 1152 625; x_wconf 89' lang='lat' dir='ltr'>non</span> <span class='ocrx_word' id='word_1_63' title='bbox 1173 579 1235 624; x_wconf 86' lang='lat' dir='ltr'>ita</span> <span class='ocrx_word' id='word_1_64' title='bbox 1256 591 1313 624; x_wconf 86' lang='lat' dir='ltr'>ex</span> <span class='ocrx_word' id='word_1_65' title='bbox 1337 592 1444 623; x_wconf 80' lang='lat' dir='ltr'>vero</span> <span class='ocrx_word' id='word_1_66' title='bbox 1477 592 1616 638; x_wconf 86' lang='lat' dir='ltr'>quam</span> <span class='ocrx_word' id='word_1_67' title='bbox 1651 592 1709 622; x_wconf 81' lang='lat' dir='ltr'>ex</span> <span class='ocrx_word' id='word_1_68' title='bbox 1730 577 1866 632; x_wconf 89' lang='lat' dir='ltr'>bono,</span> <span class='ocrx_word' id='word_1_69' title='bbox 1907 579 1992 624; x_wconf 85' lang='lat' dir='ltr'>hoc</span> <span class='ocrx_word' id='word_1_70' title='bbox 2014 579 2093 634; x_wconf 86' lang='lat' dir='ltr'>est,</span> <span class='ocrx_word' id='word_1_71' title='bbox 2128 593 2221 627; x_wconf 80' lang='lat' dir='ltr'>non</span> 
     </span>
     <span class='ocr_line' id='line_1_9' title="bbox 237 640 2221 710; baseline -0.004 -11"><span class='ocrx_word' id='word_1_72' title='bbox 237 667 296 700; x_wconf 84' lang='lat' dir='ltr'>ex</span> <span class='ocrx_word' id='word_1_73' title='bbox 318 643 599 698; x_wconf 68' lang='lat' dir='ltr'>intelleetuali</span> <span class='ocrx_word' id='word_1_74' title='bbox 622 646 834 710; x_wconf 81' lang='lat' dir='ltr'>separate,</span> <span class='ocrx_word' id='word_1_75' title='bbox 875 643 948 692; x_wconf 90' lang='lat' dir='ltr'>sed</span> <span class='ocrx_word' id='word_1_76' title='bbox 968 660 1030 692; x_wconf 83' lang='lat' dir='ltr'>ex</span> <span class='ocrx_word' id='word_1_77' title='bbox 1057 644 1311 692; x_wconf 87' lang='lat' dir='ltr'>voluntario</span> <span class='ocrx_word' id='word_1_78' title='bbox 1332 658 1439 689; x_wconf 89' lang='lat' dir='ltr'>cum</span> <span class='ocrx_word' id='word_1_79' title='bbox 1465 642 1751 688; x_wconf 61' lang='lat' dir='ltr'>intellefifflali</span> <span class='ocrx_word' id='word_1_80' title='bbox 1776 640 2031 704; x_wconf 67' lang='lat' dir='ltr'>conjunfto.</span> <span class='ocrx_word' id='word_1_81' title='bbox 2092 645 2221 692; x_wconf 87' lang='lat' dir='ltr'>Talia</span> 
     </span>
     <span class='ocr_line' id='line_1_10' title="bbox 241 707 2224 777; baseline -0.004 -12"><span class='ocrx_word' id='word_1_82' title='bbox 241 714 421 765; x_wconf 86' lang='lat' dir='ltr'>fuerunt</span> <span class='ocrx_word' id='word_1_83' title='bbox 441 717 676 777; x_wconf 82' lang='lat' dir='ltr'>Tempora</span> <span class='ocrx_word' id='word_1_84' title='bbox 705 712 914 775; x_wconf 62' lang='lat' dir='ltr'>antiqua}</span> <span class='ocrx_word' id='word_1_85' title='bbox 952 725 1226 774; x_wconf 81' lang='lat' dir='ltr'>quapropter</span> <span class='ocrx_word' id='word_1_86' title='bbox 1249 723 1359 757; x_wconf 88' lang='lat' dir='ltr'>tunc</span> <span class='ocrx_word' id='word_1_87' title='bbox 1384 721 1626 771; x_wconf 89' lang='lat' dir='ltr'>potuerunt</span> <span class='ocrx_word' id='word_1_88' title='bbox 1650 708 1818 770; x_wconf 85' lang='lat' dir='ltr'>Angeli</span> <span class='ocrx_word' id='word_1_89' title='bbox 1843 707 2089 763; x_wconf 81' lang='lat' dir='ltr'>conversari</span> <span class='ocrx_word' id='word_1_90' title='bbox 2111 724 2224 757; x_wconf 87' lang='lat' dir='ltr'>cum</span> 
     </span>
     <span class='ocr_line' id='line_1_11' title="bbox 241 773 2221 840; baseline -0.005 -10"><span class='ocrx_word' id='word_1_91' title='bbox 241 783 516 837; x_wconf 71' lang='lat' dir='ltr'>hominibuS,</span> <span class='ocrx_word' id='word_1_92' title='bbox 555 796 605 827; x_wconf 91' lang='lat' dir='ltr'>ac</span> <span class='ocrx_word' id='word_1_93' title='bbox 642 779 824 827; x_wconf 87' lang='lat' dir='ltr'>illorum</span> <span class='ocrx_word' id='word_1_94' title='bbox 851 789 1020 824; x_wconf 83' lang='lat' dir='ltr'>mentes</span> <span class='ocrx_word' id='word_1_95' title='bbox 1044 793 1172 840; x_wconf 83' lang='lat' dir='ltr'>paene</span> <span class='ocrx_word' id='word_1_96' title='bbox 1208 776 1418 839; x_wconf 76' lang='lat' dir='ltr'>separatas</span> <span class='ocrx_word' id='word_1_97' title='bbox 1447 791 1472 821; x_wconf 90' lang='lat' dir='ltr'>a</span> <span class='ocrx_word' id='word_1_98' title='bbox 1494 776 1718 837; x_wconf 83' lang='lat' dir='ltr'>corporeis</span> <span class='ocrx_word' id='word_1_99' title='bbox 1753 777 1798 820; x_wconf 92' lang='lat' dir='ltr'>in</span> <span class='ocrx_word' id='word_1_100' title='bbox 1822 776 1998 822; x_wconf 88' lang='lat' dir='ltr'>coelum</span> <span class='ocrx_word' id='word_1_101' title='bbox 2032 773 2221 831; x_wconf 85' lang='lat' dir='ltr'>auferre,</span> 
     </span>
     <span class='ocr_line' id='line_1_12' title="bbox 238 839 2225 906; baseline -0.003 -12"><span class='ocrx_word' id='word_1_102' title='bbox 238 850 337 895; x_wconf 87' lang='lat' dir='ltr'>imo</span> <span class='ocrx_word' id='word_1_103' title='bbox 359 846 453 895; x_wconf 83' lang='lat' dir='ltr'>illas</span> <span class='ocrx_word' id='word_1_104' title='bbox 474 847 537 894; x_wconf 90' lang='lat' dir='ltr'>ibi</span> <span class='ocrx_word' id='word_1_105' title='bbox 561 845 915 905; x_wconf 69' lang='lat' dir='ltr'>circumducere,</span> <span class='ocrx_word' id='word_1_106' title='bbox 937 846 987 891; x_wconf 76' lang='grc' dir='ltr'>ὅτ</span> <span class='ocrx_word' id='word_1_107' title='bbox 1013 842 1251 906; x_wconf 84' lang='lat' dir='ltr'>magnifica</span> <span class='ocrx_word' id='word_1_108' title='bbox 1280 842 1343 888; x_wconf 88' lang='lat' dir='ltr'>ibi</span> <span class='ocrx_word' id='word_1_109' title='bbox 1377 842 1427 887; x_wconf 73' lang='grc' dir='ltr'>δε</span> <span class='ocrx_word' id='word_1_110' title='bbox 1452 839 1595 886; x_wconf 87' lang='lat' dir='ltr'>felicia</span> <span class='ocrx_word' id='word_1_111' title='bbox 1629 840 1887 896; x_wconf 84' lang='lat' dir='ltr'>monstrare,</span> <span class='ocrx_word' id='word_1_112' title='bbox 1930 855 1982 888; x_wconf 89' lang='lat' dir='ltr'>ut</span> <span class='ocrx_word' id='word_1_113' title='bbox 2006 842 2052 888; x_wconf 83' lang='lat'>&amp;</span> <span class='ocrx_word' id='word_1_114' title='bbox 2076 840 2225 889; x_wconf 81' lang='lat' dir='ltr'>felicia</span> 
     </span>
     <span class='ocr_line' id='line_1_13' title="bbox 241 908 2225 977; baseline -0.003 -17"><span class='ocrx_word' id='word_1_115' title='bbox 241 910 318 964; x_wconf 85' lang='lat' dir='ltr'>sua</span> <span class='ocrx_word' id='word_1_116' title='bbox 351 915 400 962; x_wconf 87' lang='lat'>&amp;</span> <span class='ocrx_word' id='word_1_117' title='bbox 426 911 631 977; x_wconf 88' lang='lat' dir='ltr'>jucunda</span> <span class='ocrx_word' id='word_1_118' title='bbox 663 927 772 958; x_wconf 92' lang='lat' dir='ltr'>cum</span> <span class='ocrx_word' id='word_1_119' title='bbox 808 910 895 957; x_wconf 88' lang='lat' dir='ltr'>illis</span> <span class='ocrx_word' id='word_1_120' title='bbox 926 910 1291 967; x_wconf 84' lang='lat' dir='ltr'>communicare:</span> <span class='ocrx_word' id='word_1_121' title='bbox 1339 908 1438 954; x_wconf 84' lang='lat' dir='ltr'>haec</span> <span class='ocrx_word' id='word_1_122' title='bbox 1474 908 1707 969; x_wconf 85' lang='lat' dir='ltr'>Tempora</span> <span class='ocrx_word' id='word_1_123' title='bbox 1746 908 1878 953; x_wconf 77' lang='lat' dir='ltr'>etiam</span> <span class='ocrx_word' id='word_1_124' title='bbox 1919 908 2225 970; x_wconf 79' lang='lat' dir='ltr'>Scriptoribus-</span> 
     </span>
    </p>
   </div>
   <div class='ocr_carea' id='block_1_4' title="bbox 241 973 2316 1042">
    <p class='ocr_par' dir='ltr' id='par_1_4' title="bbox 241 973 2316 1042">
     <span class='ocr_line' id='line_1_14' title="bbox 241 973 2316 1042; baseline -0.003 -16"><span class='ocrx_word' id='word_1_125' title='bbox 241 980 435 1042; x_wconf 88' lang='lat' dir='ltr'>antiquis</span> <span class='ocrx_word' id='word_1_126' title='bbox 476 977 660 1027; x_wconf 80' lang='lat' dir='ltr'>fuerunt</span> <span class='ocrx_word' id='word_1_127' title='bbox 702 989 834 1033; x_wconf 60' lang='lat' dir='ltr'>nota,</span> <span class='ocrx_word' id='word_1_128' title='bbox 868 976 917 1023; x_wconf 85' lang='lat'>&amp;</span> <span class='ocrx_word' id='word_1_129' title='bbox 957 975 1013 1022; x_wconf 89' lang='lat' dir='ltr'>ab</span> <span class='ocrx_word' id='word_1_130' title='bbox 1056 975 1143 1022; x_wconf 81' lang='lat' dir='ltr'>illis</span> <span class='ocrx_word' id='word_1_131' title='bbox 1180 973 1398 1037; x_wconf 89' lang='lat' dir='ltr'>appellata</span> <span class='ocrx_word' id='word_1_132' title='bbox 1433 974 1601 1028; x_wconf 86' lang='lat' dir='ltr'>Aurea,</span> <span class='ocrx_word' id='word_1_133' title='bbox 1646 973 1696 1020; x_wconf 72' lang='grc' dir='ltr'>δε</span> <span class='ocrx_word' id='word_1_134' title='bbox 1741 989 1926 1036; x_wconf 88' lang='lat' dir='ltr'>quoque</span> <span class='ocrx_word' id='word_1_135' title='bbox 1969 974 2219 1020; x_wconf 83' lang='lat' dir='ltr'>Saturnina.</span> <span class='ocrx_word' id='word_1_136' title='bbox 2311 1027 2316 1034; x_wconf 36' lang='grc' dir='ltr'>Ι</span> 
     </span>
    </p>
   </div>
   <div class='ocr_carea' id='block_1_5' title="bbox 238 1038 2236 3008">
    <p class='ocr_par' dir='ltr' id='par_1_5' title="bbox 238 1038 2228 2090">
     <span class='ocr_line' id='line_1_15' title="bbox 239 1038 2222 1107; baseline -0.003 -15"><span class='ocrx_word' id='word_1_137' title='bbox 239 1044 398 1100; x_wconf 85' lang='lat' dir='ltr'>Causa,</span> <span class='ocrx_word' id='word_1_138' title='bbox 433 1045 560 1107; x_wconf 89' lang='lat' dir='ltr'>quod</span> <span class='ocrx_word' id='word_1_139' title='bbox 584 1043 661 1090; x_wconf 81' lang='lat' dir='ltr'>ilia</span> <span class='ocrx_word' id='word_1_140' title='bbox 680 1044 911 1106; x_wconf 83' lang='lat' dir='ltr'>Tempora</span> <span class='ocrx_word' id='word_1_141' title='bbox 932 1041 1035 1088; x_wconf 87' lang='lat' dir='ltr'>talia</span> <span class='ocrx_word' id='word_1_142' title='bbox 1069 1041 1253 1097; x_wconf 85' lang='lat' dir='ltr'>fuerint,</span> <span class='ocrx_word' id='word_1_143' title='bbox 1291 1052 1402 1095; x_wconf 86' lang='lat' dir='ltr'>erat,</span> <span class='ocrx_word' id='word_1_144' title='bbox 1442 1051 1494 1086; x_wconf 90' lang='lat' dir='ltr'>ut</span> <span class='ocrx_word' id='word_1_145' title='bbox 1529 1038 1723 1095; x_wconf 57' lang='lat' dir='ltr'>distum,</span> <span class='ocrx_word' id='word_1_146' title='bbox 1764 1040 1891 1101; x_wconf 84' lang='lat' dir='ltr'>quod</span> <span class='ocrx_word' id='word_1_147' title='bbox 1924 1041 2119 1086; x_wconf 83' lang='lat' dir='ltr'>vixerint</span> <span class='ocrx_word' id='word_1_148' title='bbox 2150 1039 2222 1086; x_wconf 88' lang='lat' dir='ltr'>di·</span> 
     </span>
     <span class='ocr_line' id='line_1_16' title="bbox 239 1104 2223 1172; baseline -0.003 -15"><span class='ocrx_word' id='word_1_149' title='bbox 239 1109 386 1164; x_wconf 69' lang='lat' dir='ltr'>stinffl</span> <span class='ocrx_word' id='word_1_150' title='bbox 419 1111 464 1156; x_wconf 90' lang='lat' dir='ltr'>in</span> <span class='ocrx_word' id='word_1_151' title='bbox 498 1121 673 1172; x_wconf 87' lang='lat' dir='ltr'>gentes,</span> <span class='ocrx_word' id='word_1_152' title='bbox 706 1124 756 1155; x_wconf 89' lang='lat' dir='ltr'>ac</span> <span class='ocrx_word' id='word_1_153' title='bbox 779 1121 935 1170; x_wconf 82' lang='lat' dir='ltr'>gentes</span> <span class='ocrx_word' id='word_1_154' title='bbox 957 1109 1003 1154; x_wconf 89' lang='lat' dir='ltr'>in</span> <span class='ocrx_word' id='word_1_155' title='bbox 1029 1106 1234 1164; x_wconf 82' lang='lat' dir='ltr'>familias,</span> <span class='ocrx_word' id='word_1_156' title='bbox 1279 1108 1329 1154; x_wconf 73' lang='grc' dir='ltr'>δε</span> <span class='ocrx_word' id='word_1_157' title='bbox 1365 1104 1551 1152; x_wconf 83' lang='lat' dir='ltr'>familiae</span> <span class='ocrx_word' id='word_1_158' title='bbox 1579 1105 1622 1151; x_wconf 92' lang='lat' dir='ltr'>in</span> <span class='ocrx_word' id='word_1_159' title='bbox 1648 1105 1832 1160; x_wconf 84' lang='lat' dir='ltr'>domos,</span> <span class='ocrx_word' id='word_1_160' title='bbox 1873 1122 1924 1152; x_wconf 89' lang='lat' dir='ltr'>ac</span> <span class='ocrx_word' id='word_1_161' title='bbox 1956 1108 2223 1168; x_wconf 81' lang='lat' dir='ltr'>unaquaevis</span> 
     </span>
     <span class='ocr_line' id='line_1_17' title="bbox 239 1169 2220 1239; baseline -0.002 -16"><span class='ocrx_word' id='word_1_162' title='bbox 239 1172 405 1230; x_wconf 85' lang='lat' dir='ltr'>domus</span> <span class='ocrx_word' id='word_1_163' title='bbox 426 1175 570 1239; x_wconf 82' lang='lat' dir='ltr'>perse</span> <span class='ocrx_word' id='word_1_164' title='bbox 593 1174 886 1228; x_wconf 88' lang='lat' dir='ltr'>habitaverit;</span> <span class='ocrx_word' id='word_1_165' title='bbox 931 1173 1147 1237; x_wconf 89' lang='lat' dir='ltr'>quodque</span> <span class='ocrx_word' id='word_1_166' title='bbox 1170 1185 1280 1220; x_wconf 88' lang='lat' dir='ltr'>tunc</span> <span class='ocrx_word' id='word_1_167' title='bbox 1304 1188 1395 1219; x_wconf 92' lang='lat' dir='ltr'>non</span> <span class='ocrx_word' id='word_1_168' title='bbox 1417 1169 1550 1218; x_wconf 86' lang='lat' dir='ltr'>alicui</span> <span class='ocrx_word' id='word_1_169' title='bbox 1586 1172 1632 1217; x_wconf 90' lang='lat' dir='ltr'>in</span> <span class='ocrx_word' id='word_1_170' title='bbox 1667 1184 1865 1218; x_wconf 88' lang='lat' dir='ltr'>mentem</span> <span class='ocrx_word' id='word_1_171' title='bbox 1900 1174 2086 1225; x_wconf 89' lang='lat' dir='ltr'>venerit,</span> <span class='ocrx_word' id='word_1_172' title='bbox 2125 1172 2220 1219; x_wconf 82' lang='lat' dir='ltr'>hae-</span> 
     </span>
     <span class='ocr_line' id='line_1_18' title="bbox 238 1237 2220 1301; baseline -0.001 -15"><span class='ocrx_word' id='word_1_173' title='bbox 238 1241 475 1288; x_wconf 72' lang='lat' dir='ltr'>feditatem</span> <span class='ocrx_word' id='word_1_174' title='bbox 498 1242 676 1287; x_wconf 89' lang='lat' dir='ltr'>alterius</span> <span class='ocrx_word' id='word_1_175' title='bbox 699 1240 924 1295; x_wconf 88' lang='lat' dir='ltr'>invadere,</span> <span class='ocrx_word' id='word_1_176' title='bbox 965 1256 1017 1286; x_wconf 88' lang='lat' dir='ltr'>ac</span> <span class='ocrx_word' id='word_1_177' title='bbox 1050 1240 1154 1286; x_wconf 89' lang='lat' dir='ltr'>inde</span> <span class='ocrx_word' id='word_1_178' title='bbox 1175 1238 1455 1301; x_wconf 80' lang='lat' dir='ltr'>opulentiam</span> <span class='ocrx_word' id='word_1_179' title='bbox 1479 1237 1559 1284; x_wconf 83' lang='lat' dir='ltr'>fibi</span> <span class='ocrx_word' id='word_1_180' title='bbox 1593 1238 1641 1283; x_wconf 91' lang='lat'>&amp;</span> <span class='ocrx_word' id='word_1_181' title='bbox 1664 1237 1922 1285; x_wconf 86' lang='lat' dir='ltr'>dominium</span> <span class='ocrx_word' id='word_1_182' title='bbox 1960 1240 2185 1300; x_wconf 80' lang='lat' dir='ltr'>acquirere</span> <span class='ocrx_word' id='word_1_183' title='bbox 2203 1260 2220 1293; x_wconf 63' lang='grc' dir='ltr'>ς</span> 
     </span>
     <span class='ocr_line' id='line_1_19' title="bbox 242 1303 2219 1367; baseline -0.001 -16"><span class='ocrx_word' id='word_1_184' title='bbox 242 1305 376 1367; x_wconf 82' lang='lat' dir='ltr'>longe</span> <span class='ocrx_word' id='word_1_185' title='bbox 399 1304 549 1358; x_wconf 81' lang='lat' dir='ltr'>aberat</span> <span class='ocrx_word' id='word_1_186' title='bbox 570 1318 679 1352; x_wconf 91' lang='lat' dir='ltr'>tunc</span> <span class='ocrx_word' id='word_1_187' title='bbox 701 1320 829 1350; x_wconf 90' lang='lat' dir='ltr'>amor</span> <span class='ocrx_word' id='word_1_188' title='bbox 867 1305 931 1350; x_wconf 89' lang='lat' dir='ltr'>sui</span> <span class='ocrx_word' id='word_1_189' title='bbox 959 1305 1010 1351; x_wconf 75' lang='grc' dir='ltr'>δε</span> <span class='ocrx_word' id='word_1_190' title='bbox 1031 1320 1161 1350; x_wconf 91' lang='lat' dir='ltr'>amor</span> <span class='ocrx_word' id='word_1_191' title='bbox 1184 1304 1344 1350; x_wconf 88' lang='lat' dir='ltr'>mundi</span> <span class='ocrx_word' id='word_1_192' title='bbox 1365 1325 1379 1357; x_wconf 87' lang='lat'>;</span> <span class='ocrx_word' id='word_1_193' title='bbox 1420 1303 1607 1365; x_wconf 90' lang='lat' dir='ltr'>quisque</span> <span class='ocrx_word' id='word_1_194' title='bbox 1631 1315 1741 1350; x_wconf 91' lang='lat' dir='ltr'>tunc</span> <span class='ocrx_word' id='word_1_195' title='bbox 1772 1304 1903 1350; x_wconf 86' lang='lat' dir='ltr'>laetus</span> <span class='ocrx_word' id='word_1_196' title='bbox 1926 1317 2018 1351; x_wconf 87' lang='lat' dir='ltr'>erat</span> <span class='ocrx_word' id='word_1_197' title='bbox 2038 1320 2099 1351; x_wconf 87' lang='lat' dir='ltr'>ex</span> <span class='ocrx_word' id='word_1_198' title='bbox 2124 1303 2219 1360; x_wconf 90' lang='lat' dir='ltr'>suo,</span> 
     </span>
     <span class='ocr_line' id='line_1_20' title="bbox 242 1367 2223 1423; baseline -0.001 -4"><span class='ocrx_word' id='word_1_199' title='bbox 242 1370 291 1419; x_wconf 68' lang='grc' dir='ltr'>ἃ</span> <span class='ocrx_word' id='word_1_200' title='bbox 315 1368 406 1418; x_wconf 87' lang='lat' dir='ltr'>non</span> <span class='ocrx_word' id='word_1_201' title='bbox 431 1371 579 1417; x_wconf 86' lang='lat' dir='ltr'>minus</span> <span class='ocrx_word' id='word_1_202' title='bbox 609 1385 667 1416; x_wconf 86' lang='lat' dir='ltr'>ex</span> <span class='ocrx_word' id='word_1_203' title='bbox 698 1369 877 1416; x_wconf 87' lang='lat' dir='ltr'>alterius</span> <span class='ocrx_word' id='word_1_204' title='bbox 901 1369 1036 1416; x_wconf 90' lang='lat' dir='ltr'>bono.</span> <span class='ocrx_word' id='word_1_205' title='bbox 1106 1368 1194 1415; x_wconf 86' lang='lat' dir='ltr'>Sed</span> <span class='ocrx_word' id='word_1_206' title='bbox 1219 1368 1316 1415; x_wconf 85' lang='lat' dir='ltr'>haec</span> <span class='ocrx_word' id='word_1_207' title='bbox 1340 1367 1465 1414; x_wconf 89' lang='lat' dir='ltr'>scena</span> <span class='ocrx_word' id='word_1_208' title='bbox 1489 1380 1660 1413; x_wconf 90' lang='lat' dir='ltr'>mutata</span> <span class='ocrx_word' id='word_1_209' title='bbox 1681 1367 1761 1423; x_wconf 87' lang='lat' dir='ltr'>est,</span> <span class='ocrx_word' id='word_1_210' title='bbox 1803 1369 1852 1414; x_wconf 72' lang='grc' dir='ltr'>δε</span> <span class='ocrx_word' id='word_1_211' title='bbox 1877 1370 1922 1414; x_wconf 88' lang='lat' dir='ltr'>in</span> <span class='ocrx_word' id='word_1_212' title='bbox 1946 1370 2223 1417; x_wconf 86' lang='lat' dir='ltr'>contrarium</span> 
     </span>
     <span class='ocr_line' id='line_1_21' title="bbox 243 1432 2222 1497; baseline -0.001 -15"><span class='ocrx_word' id='word_1_213' title='bbox 243 1435 380 1492; x_wconf 88' lang='lat' dir='ltr'>versa,</span> <span class='ocrx_word' id='word_1_214' title='bbox 419 1435 679 1483; x_wconf 90' lang='lat' dir='ltr'>succedente</span> <span class='ocrx_word' id='word_1_215' title='bbox 702 1447 920 1497; x_wconf 89' lang='lat' dir='ltr'>tempore,</span> <span class='ocrx_word' id='word_1_216' title='bbox 950 1450 1058 1481; x_wconf 88' lang='lat' dir='ltr'>cum</span> <span class='ocrx_word' id='word_1_217' title='bbox 1084 1435 1263 1481; x_wconf 88' lang='lat' dir='ltr'>animus</span> <span class='ocrx_word' id='word_1_218' title='bbox 1286 1432 1444 1479; x_wconf 88' lang='lat' dir='ltr'>invafit</span> <span class='ocrx_word' id='word_1_219' title='bbox 1466 1432 1688 1495; x_wconf 86' lang='lat' dir='ltr'>cupiditas</span> <span class='ocrx_word' id='word_1_220' title='bbox 1711 1433 1979 1480; x_wconf 89' lang='lat' dir='ltr'>dominandi</span> <span class='ocrx_word' id='word_1_221' title='bbox 2001 1435 2052 1480; x_wconf 76' lang='grc' dir='ltr'>δε</span> <span class='ocrx_word' id='word_1_222' title='bbox 2078 1435 2222 1481; x_wconf 91' lang='lat' dir='ltr'>multa</span> 
     </span>
     <span class='ocr_line' id='line_1_22' title="bbox 240 1498 2224 1565; baseline -0.001 -17"><span class='ocrx_word' id='word_1_223' title='bbox 240 1502 521 1565; x_wconf 75' lang='lat' dir='ltr'>poffidendi3</span> <span class='ocrx_word' id='word_1_224' title='bbox 565 1514 674 1548; x_wconf 92' lang='lat' dir='ltr'>tunc</span> <span class='ocrx_word' id='word_1_225' title='bbox 696 1501 853 1548; x_wconf 90' lang='lat' dir='ltr'>Genus</span> <span class='ocrx_word' id='word_1_226' title='bbox 886 1501 1137 1548; x_wconf 86' lang='lat' dir='ltr'>humanum</span> <span class='ocrx_word' id='word_1_227' title='bbox 1173 1499 1214 1546; x_wconf 91' lang='lat' dir='ltr'>se</span> <span class='ocrx_word' id='word_1_228' title='bbox 1236 1500 1410 1546; x_wconf 89' lang='lat' dir='ltr'>tutandi</span> <span class='ocrx_word' id='word_1_229' title='bbox 1443 1498 1568 1545; x_wconf 88' lang='lat' dir='ltr'>causa</span> <span class='ocrx_word' id='word_1_230' title='bbox 1587 1500 1887 1561; x_wconf 87' lang='lat' dir='ltr'>congregavit</span> <span class='ocrx_word' id='word_1_231' title='bbox 1918 1501 1966 1546; x_wconf 91' lang='lat' dir='ltr'>in</span> <span class='ocrx_word' id='word_1_232' title='bbox 1989 1501 2152 1563; x_wconf 88' lang='lat' dir='ltr'>Regna</span> <span class='ocrx_word' id='word_1_233' title='bbox 2173 1501 2224 1548; x_wconf 75' lang='grc' dir='ltr'>δι’.</span> 
     </span>
     <span class='ocr_line' id='line_1_23' title="bbox 241 1563 2228 1630; baseline -0.001 -16"><span class='ocrx_word' id='word_1_234' title='bbox 241 1567 435 1630; x_wconf 84' lang='lat' dir='ltr'>Imperia</span> <span class='ocrx_word' id='word_1_235' title='bbox 451 1589 467 1621; x_wconf 90' lang='lat'>;</span> <span class='ocrx_word' id='word_1_236' title='bbox 507 1567 559 1612; x_wconf 77' lang='grc' dir='ltr'>δε</span> <span class='ocrx_word' id='word_1_237' title='bbox 579 1568 688 1629; x_wconf 84' lang='lat' dir='ltr'>quia</span> <span class='ocrx_word' id='word_1_238' title='bbox 715 1566 991 1624; x_wconf 70' lang='lat' dir='ltr'>cessaverunt</span> <span class='ocrx_word' id='word_1_239' title='bbox 1022 1567 1143 1626; x_wconf 87' lang='lat' dir='ltr'>leges</span> <span class='ocrx_word' id='word_1_240' title='bbox 1173 1565 1396 1610; x_wconf 81' lang='lat' dir='ltr'>charitatis</span> <span class='ocrx_word' id='word_1_241' title='bbox 1429 1565 1480 1610; x_wconf 75' lang='grc' dir='ltr'>δε</span> <span class='ocrx_word' id='word_1_242' title='bbox 1519 1563 1818 1619; x_wconf 64' lang='lat' dir='ltr'>conscientiae,</span> <span class='ocrx_word' id='word_1_243' title='bbox 1857 1578 1964 1627; x_wconf 86' lang='lat' dir='ltr'>quae</span> <span class='ocrx_word' id='word_1_244' title='bbox 2001 1564 2228 1629; x_wconf 84' lang='lat' dir='ltr'>inscriptae</span> 
     </span>
     <span class='ocr_line' id='line_1_24' title="bbox 239 1627 2227 1692; baseline -0.001 -13"><span class='ocrx_word' id='word_1_245' title='bbox 239 1630 453 1680; x_wconf 89' lang='lat' dir='ltr'>cordibus</span> <span class='ocrx_word' id='word_1_246' title='bbox 488 1628 691 1692; x_wconf 83' lang='lat' dir='ltr'>fuerunt,</span> <span class='ocrx_word' id='word_1_247' title='bbox 729 1630 851 1691; x_wconf 89' lang='lat' dir='ltr'>leges</span> <span class='ocrx_word' id='word_1_248' title='bbox 888 1629 947 1675; x_wconf 89' lang='lat' dir='ltr'>ad</span> <span class='ocrx_word' id='word_1_249' title='bbox 984 1629 1328 1692; x_wconf 79' lang='lat' dir='ltr'>compescendas</span> <span class='ocrx_word' id='word_1_250' title='bbox 1366 1627 1597 1674; x_wconf 84' lang='lat' dir='ltr'>violentias</span> <span class='ocrx_word' id='word_1_251' title='bbox 1631 1627 1746 1675; x_wconf 85' lang='lat' dir='ltr'>ferre</span> <span class='ocrx_word' id='word_1_252' title='bbox 1782 1630 2004 1678; x_wconf 88' lang='lat' dir='ltr'>necessum</span> <span class='ocrx_word' id='word_1_253' title='bbox 2035 1629 2139 1687; x_wconf 88' lang='lat' dir='ltr'>fuit,</span> <span class='ocrx_word' id='word_1_254' title='bbox 2177 1633 2227 1678; x_wconf 88' lang='lat' dir='ltr'>in</span> 
     </span>
     <span class='ocr_line' id='line_1_25' title="bbox 241 1694 2226 1761; baseline 0 -17"><span class='ocrx_word' id='word_1_255' title='bbox 241 1697 406 1761; x_wconf 92' lang='lat' dir='ltr'>quibus</span> <span class='ocrx_word' id='word_1_256' title='bbox 430 1696 618 1743; x_wconf 85' lang='lat' dir='ltr'>honores</span> <span class='ocrx_word' id='word_1_257' title='bbox 648 1694 843 1743; x_wconf 87' lang='lat' dir='ltr'>&amp;lucra</span> <span class='ocrx_word' id='word_1_258' title='bbox 875 1706 1003 1741; x_wconf 87' lang='lat' dir='ltr'>erant</span> <span class='ocrx_word' id='word_1_259' title='bbox 1034 1695 1236 1758; x_wconf 87' lang='lat' dir='ltr'>praemia,</span> <span class='ocrx_word' id='word_1_260' title='bbox 1275 1710 1327 1741; x_wconf 88' lang='lat' dir='ltr'>ac</span> <span class='ocrx_word' id='word_1_261' title='bbox 1361 1694 1635 1757; x_wconf 86' lang='lat' dir='ltr'>privationes</span> <span class='ocrx_word' id='word_1_262' title='bbox 1655 1694 1837 1741; x_wconf 85' lang='lat' dir='ltr'>illorum</span> <span class='ocrx_word' id='word_1_263' title='bbox 1861 1711 2032 1758; x_wconf 82' lang='lat' dir='ltr'>poenae.</span> <span class='ocrx_word' id='word_1_264' title='bbox 2101 1697 2226 1744; x_wconf 88' lang='lat' dir='ltr'>Cum</span> 
     </span>
     <span class='ocr_line' id='line_1_26' title="bbox 239 1759 2227 1826; baseline 0 -16"><span class='ocrx_word' id='word_1_265' title='bbox 239 1764 303 1810; x_wconf 91' lang='lat' dir='ltr'>ita</span> <span class='ocrx_word' id='word_1_266' title='bbox 332 1761 470 1810; x_wconf 88' lang='lat' dir='ltr'>status</span> <span class='ocrx_word' id='word_1_267' title='bbox 498 1773 698 1809; x_wconf 87' lang='lat' dir='ltr'>mutatus</span> <span class='ocrx_word' id='word_1_268' title='bbox 720 1760 801 1818; x_wconf 87' lang='lat' dir='ltr'>est,</span> <span class='ocrx_word' id='word_1_269' title='bbox 839 1760 986 1824; x_wconf 89' lang='lat' dir='ltr'>ipsum</span> <span class='ocrx_word' id='word_1_270' title='bbox 1020 1760 1194 1817; x_wconf 87' lang='lat' dir='ltr'>coelum</span> <span class='ocrx_word' id='word_1_271' title='bbox 1218 1759 1260 1807; x_wconf 92' lang='lat' dir='ltr'>se</span> <span class='ocrx_word' id='word_1_272' title='bbox 1282 1759 1478 1808; x_wconf 90' lang='lat' dir='ltr'>removit</span> <span class='ocrx_word' id='word_1_273' title='bbox 1499 1760 1556 1806; x_wconf 91' lang='lat' dir='ltr'>ab</span> <span class='ocrx_word' id='word_1_274' title='bbox 1579 1760 1781 1817; x_wconf 85' lang='lat' dir='ltr'>homine,</span> <span class='ocrx_word' id='word_1_275' title='bbox 1819 1762 1869 1808; x_wconf 86' lang='lat'>&amp;</span> <span class='ocrx_word' id='word_1_276' title='bbox 1892 1761 1980 1808; x_wconf 88' lang='lat' dir='ltr'>hoc</span> <span class='ocrx_word' id='word_1_277' title='bbox 2006 1763 2152 1826; x_wconf 86' lang='lat' dir='ltr'>magis</span> <span class='ocrx_word' id='word_1_278' title='bbox 2175 1764 2227 1810; x_wconf 71' lang='lat' dir='ltr'>&amp;c</span> 
     </span>
     <span class='ocr_line' id='line_1_27' title="bbox 240 1825 2227 1892; baseline 0 -16"><span class='ocrx_word' id='word_1_279' title='bbox 240 1830 387 1891; x_wconf 83' lang='lat' dir='ltr'>magis</span> <span class='ocrx_word' id='word_1_280' title='bbox 409 1827 547 1892; x_wconf 91' lang='lat' dir='ltr'>usque</span> <span class='ocrx_word' id='word_1_281' title='bbox 570 1828 627 1875; x_wconf 87' lang='lat' dir='ltr'>ad</span> <span class='ocrx_word' id='word_1_282' title='bbox 652 1827 750 1874; x_wconf 85' lang='lat' dir='ltr'>baec</span> <span class='ocrx_word' id='word_1_283' title='bbox 784 1827 962 1883; x_wconf 86' lang='lat' dir='ltr'>saecula,</span> <span class='ocrx_word' id='word_1_284' title='bbox 1002 1827 1119 1874; x_wconf 91' lang='lat' dir='ltr'>dum</span> <span class='ocrx_word' id='word_1_285' title='bbox 1141 1843 1234 1874; x_wconf 90' lang='lat' dir='ltr'>non</span> <span class='ocrx_word' id='word_1_286' title='bbox 1267 1826 1464 1889; x_wconf 90' lang='lat' dir='ltr'>amplius</span> <span class='ocrx_word' id='word_1_287' title='bbox 1495 1825 1633 1874; x_wconf 88' lang='lat' dir='ltr'>scitur</span> <span class='ocrx_word' id='word_1_288' title='bbox 1665 1842 1777 1874; x_wconf 90' lang='lat' dir='ltr'>num</span> <span class='ocrx_word' id='word_1_289' title='bbox 1802 1827 1993 1882; x_wconf 88' lang='lat' dir='ltr'>Coelum</span> <span class='ocrx_word' id='word_1_290' title='bbox 2025 1829 2076 1876; x_wconf 74' lang='grc' dir='ltr'>δε</span> <span class='ocrx_word' id='word_1_291' title='bbox 2110 1844 2227 1876; x_wconf 87' lang='lat' dir='ltr'>num</span> 
     </span>
     <span class='ocr_line' id='line_1_28' title="bbox 239 1891 2228 1958; baseline 0 -16"><span class='ocrx_word' id='word_1_292' title='bbox 239 1893 476 1943; x_wconf 82' lang='lat' dir='ltr'>Infernum</span> <span class='ocrx_word' id='word_1_293' title='bbox 499 1893 601 1950; x_wconf 78' lang='lat' dir='ltr'>sint,</span> <span class='ocrx_word' id='word_1_294' title='bbox 636 1895 734 1940; x_wconf 89' lang='lat' dir='ltr'>imo</span> <span class='ocrx_word' id='word_1_295' title='bbox 755 1892 812 1940; x_wconf 90' lang='lat' dir='ltr'>ab</span> <span class='ocrx_word' id='word_1_296' title='bbox 831 1892 1053 1957; x_wconf 89' lang='lat' dir='ltr'>aliquibus</span> <span class='ocrx_word' id='word_1_297' title='bbox 1076 1905 1265 1956; x_wconf 90' lang='lat' dir='ltr'>negatur</span> <span class='ocrx_word' id='word_1_298' title='bbox 1286 1892 1412 1956; x_wconf 86' lang='lat' dir='ltr'>quod</span> <span class='ocrx_word' id='word_1_299' title='bbox 1437 1891 1536 1939; x_wconf 84' lang='lat' dir='ltr'>fint.</span> <span class='ocrx_word' id='word_1_300' title='bbox 1605 1893 1731 1940; x_wconf 87' lang='lat' dir='ltr'>Haec</span> <span class='ocrx_word' id='word_1_301' title='bbox 1761 1893 1881 1941; x_wconf 56' lang='lat' dir='ltr'>dista</span> <span class='ocrx_word' id='word_1_302' title='bbox 1914 1893 2033 1951; x_wconf 89' lang='lat' dir='ltr'>sunt,</span> <span class='ocrx_word' id='word_1_303' title='bbox 2071 1907 2123 1942; x_wconf 91' lang='lat' dir='ltr'>ut</span> <span class='ocrx_word' id='word_1_304' title='bbox 2146 1911 2228 1958; x_wconf 90' lang='lat' dir='ltr'>per</span> 
     </span>
     <span class='ocr_line' id='line_1_29' title="bbox 240 1956 2226 2023; baseline 0.001 -16"><span class='ocrx_word' id='word_1_305' title='bbox 240 1960 566 2023; x_wconf 82' lang='lat' dir='ltr'>paralelismum</span> <span class='ocrx_word' id='word_1_306' title='bbox 593 1958 849 2015; x_wconf 82' lang='lat' dir='ltr'>illustretur,</span> <span class='ocrx_word' id='word_1_307' title='bbox 881 1959 1023 2023; x_wconf 87' lang='lat' dir='ltr'>qualis</span> <span class='ocrx_word' id='word_1_308' title='bbox 1044 1958 1181 2006; x_wconf 84' lang='lat' dir='ltr'>status</span> <span class='ocrx_word' id='word_1_309' title='bbox 1203 1957 1384 2007; x_wconf 86' lang='lat' dir='ltr'>illorum</span> <span class='ocrx_word' id='word_1_310' title='bbox 1407 1956 1471 2005; x_wconf 91' lang='lat' dir='ltr'>est</span> <span class='ocrx_word' id='word_1_311' title='bbox 1491 1958 1573 2022; x_wconf 90' lang='lat' dir='ltr'>qui</span> <span class='ocrx_word' id='word_1_312' title='bbox 1594 1959 1640 2006; x_wconf 91' lang='lat' dir='ltr'>in</span> <span class='ocrx_word' id='word_1_313' title='bbox 1665 1959 1820 2007; x_wconf 90' lang='lat' dir='ltr'>tellure</span> <span class='ocrx_word' id='word_1_314' title='bbox 1842 1960 1991 2021; x_wconf 87' lang='lat' dir='ltr'>Jovis,</span> <span class='ocrx_word' id='word_1_315' title='bbox 2030 1976 2082 2008; x_wconf 81' lang='lat' dir='ltr'>ac</span> <span class='ocrx_word' id='word_1_316' title='bbox 2105 1961 2226 2009; x_wconf 90' lang='lat' dir='ltr'>unde</span> 
     </span>
     <span class='ocr_line' id='line_1_30' title="bbox 240 2025 1937 2090; baseline 0.001 -17"><span class='ocrx_word' id='word_1_317' title='bbox 240 2025 424 2088; x_wconf 67' lang='lat' dir='ltr'>illorum</span> <span class='ocrx_word' id='word_1_318' title='bbox 444 2026 662 2090; x_wconf 88' lang='lat' dir='ltr'>probitas,</span> <span class='ocrx_word' id='word_1_319' title='bbox 694 2025 745 2072; x_wconf 75' lang='grc' dir='ltr'>δε</span> <span class='ocrx_word' id='word_1_320' title='bbox 767 2041 953 2089; x_wconf 90' lang='lat' dir='ltr'>quoque</span> <span class='ocrx_word' id='word_1_321' title='bbox 975 2025 1202 2089; x_wconf 85' lang='lat' dir='ltr'>sapientia,</span> <span class='ocrx_word' id='word_1_322' title='bbox 1226 2025 1283 2072; x_wconf 93' lang='lat' dir='ltr'>de</span> <span class='ocrx_word' id='word_1_323' title='bbox 1303 2041 1394 2089; x_wconf 86' lang='lat' dir='ltr'>qua</span> <span class='ocrx_word' id='word_1_324' title='bbox 1415 2025 1546 2087; x_wconf 90' lang='lat' dir='ltr'>plura</span> <span class='ocrx_word' id='word_1_325' title='bbox 1567 2026 1614 2072; x_wconf 90' lang='lat' dir='ltr'>in</span> <span class='ocrx_word' id='word_1_326' title='bbox 1638 2025 1937 2089; x_wconf 83' lang='lat' dir='ltr'>sequentibus.</span> 
     </span>
    </p>

    <p class='ocr_par' dir='ltr' id='par_1_6' title="bbox 242 2089 2236 2938">
     <span class='ocr_line' id='line_1_31' title="bbox 308 2089 2229 2154; baseline 0 -13"><span class='ocrx_word' id='word_1_327' title='bbox 308 2109 386 2154; x_wconf 86' lang='lat'>50.</span> <span class='ocrx_word' id='word_1_328' title='bbox 425 2092 509 2138; x_wconf 86' lang='lat' dir='ltr'>Per</span> <span class='ocrx_word' id='word_1_329' title='bbox 530 2091 755 2139; x_wconf 88' lang='lat' dir='ltr'>diutinam</span> <span class='ocrx_word' id='word_1_330' title='bbox 782 2089 1165 2141; x_wconf 87' lang='lat' dir='ltr'>conversationem</span> <span class='ocrx_word' id='word_1_331' title='bbox 1198 2107 1307 2139; x_wconf 89' lang='lat' dir='ltr'>curn</span> <span class='ocrx_word' id='word_1_332' title='bbox 1331 2091 1571 2154; x_wconf 90' lang='lat' dir='ltr'>Spiritibus</span> <span class='ocrx_word' id='word_1_333' title='bbox 1593 2092 1791 2140; x_wconf 90' lang='lat' dir='ltr'>Telluris</span> <span class='ocrx_word' id='word_1_334' title='bbox 1813 2093 1969 2154; x_wconf 74' lang='lat' dir='ltr'>Jovis,</span> <span class='ocrx_word' id='word_1_335' title='bbox 1998 2092 2229 2142; x_wconf 89' lang='lat' dir='ltr'>constabat</span> 
     </span>
     <span class='ocr_line' id='line_1_32' title="bbox 244 2155 2226 2223; baseline 0.002 -19"><span class='ocrx_word' id='word_1_336' title='bbox 244 2155 356 2205; x_wconf 86' lang='lat' dir='ltr'>mihi</span> <span class='ocrx_word' id='word_1_337' title='bbox 372 2157 513 2222; x_wconf 70' lang='lat' dir='ltr'>”quod</span> <span class='ocrx_word' id='word_1_338' title='bbox 545 2157 777 2222; x_wconf 85' lang='lat' dir='ltr'>probiores</span> <span class='ocrx_word' id='word_1_339' title='bbox 814 2157 951 2205; x_wconf 84' lang='lat' dir='ltr'>effent</span> <span class='ocrx_word' id='word_1_340' title='bbox 989 2157 1214 2222; x_wconf 88' lang='lat' dir='ltr'>spiritibus</span> <span class='ocrx_word' id='word_1_341' title='bbox 1260 2157 1462 2221; x_wconf 89' lang='lat' dir='ltr'>plurium</span> <span class='ocrx_word' id='word_1_342' title='bbox 1506 2158 1694 2206; x_wconf 87' lang='lat' dir='ltr'>aliarum</span> <span class='ocrx_word' id='word_1_343' title='bbox 1718 2158 1995 2215; x_wconf 85' lang='lat' dir='ltr'>Tellurum;</span> <span class='ocrx_word' id='word_1_344' title='bbox 2037 2160 2226 2223; x_wconf 87' lang='lat' dir='ltr'>allapsus</span> 
     </span>
     <span class='ocr_line' id='line_1_33' title="bbox 244 2223 2228 2281; baseline 0.002 -13"><span class='ocrx_word' id='word_1_345' title='bbox 244 2238 403 2280; x_wconf 86' lang='lat' dir='ltr'>eorum</span> <span class='ocrx_word' id='word_1_346' title='bbox 436 2239 544 2272; x_wconf 86' lang='lat' dir='ltr'>cum</span> <span class='ocrx_word' id='word_1_347' title='bbox 570 2223 826 2281; x_wconf 89' lang='lat' dir='ltr'>veniebant,</span> <span class='ocrx_word' id='word_1_348' title='bbox 859 2226 1161 2272; x_wconf 88' lang='lat' dir='ltr'>commoratio</span> <span class='ocrx_word' id='word_1_349' title='bbox 1183 2224 1454 2272; x_wconf 86' lang='lat' dir='ltr'>&amp;influxus</span> <span class='ocrx_word' id='word_1_350' title='bbox 1492 2235 1620 2281; x_wconf 92' lang='lat' dir='ltr'>tunc,</span> <span class='ocrx_word' id='word_1_351' title='bbox 1659 2236 1754 2272; x_wconf 91' lang='lat' dir='ltr'>erat</span> <span class='ocrx_word' id='word_1_352' title='bbox 1786 2237 1879 2272; x_wconf 86' lang='lat' dir='ltr'>tam</span> <span class='ocrx_word' id='word_1_353' title='bbox 1916 2225 2024 2273; x_wconf 86' lang='lat' dir='ltr'>lenis</span> <span class='ocrx_word' id='word_1_354' title='bbox 2061 2227 2110 2273; x_wconf 86' lang='lat'>&amp;</span> <span class='ocrx_word' id='word_1_355' title='bbox 2134 2226 2228 2272; x_wconf 84' lang='lat' dir='ltr'>sua·</span> 
     </span>
     <span class='ocr_line' id='line_1_34' title="bbox 242 2288 2227 2352; baseline 0.002 -19"><span class='ocrx_word' id='word_1_356' title='bbox 242 2289 329 2344; x_wconf 93' lang='lat' dir='ltr'>vis,</span> <span class='ocrx_word' id='word_1_357' title='bbox 369 2301 423 2336; x_wconf 91' lang='lat' dir='ltr'>ut</span> <span class='ocrx_word' id='word_1_358' title='bbox 459 2289 655 2352; x_wconf 82' lang='lat' dir='ltr'>exprimi</span> <span class='ocrx_word' id='word_1_359' title='bbox 690 2303 912 2351; x_wconf 70' lang='lat' dir='ltr'>nequeat,</span> <span class='ocrx_word' id='word_1_360' title='bbox 954 2290 1141 2352; x_wconf 86' lang='lat' dir='ltr'>qualitas</span> <span class='ocrx_word' id='word_1_361' title='bbox 1182 2288 1379 2351; x_wconf 85' lang='lat' dir='ltr'>cujusvis</span> <span class='ocrx_word' id='word_1_362' title='bbox 1418 2289 1598 2351; x_wconf 89' lang='lat' dir='ltr'>spiritus</span> <span class='ocrx_word' id='word_1_363' title='bbox 1639 2307 1719 2351; x_wconf 87' lang='lat' dir='ltr'>per</span> <span class='ocrx_word' id='word_1_364' title='bbox 1756 2291 2003 2344; x_wconf 85' lang='lat' dir='ltr'>influxum,</span> <span class='ocrx_word' id='word_1_365' title='bbox 2046 2291 2125 2351; x_wconf 91' lang='lat' dir='ltr'>qui</span> <span class='ocrx_word' id='word_1_366' title='bbox 2163 2290 2227 2336; x_wconf 89' lang='lat' dir='ltr'>est</span> 
     </span>
     <span class='ocr_line' id='line_1_35' title="bbox 245 2350 2229 2415; baseline 0.001 -16"><span class='ocrx_word' id='word_1_367' title='bbox 245 2355 602 2399; x_wconf 82' lang='lat' dir='ltr'>communicatio</span> <span class='ocrx_word' id='word_1_368' title='bbox 634 2350 729 2412; x_wconf 85' lang='lat' dir='ltr'>ejus</span> <span class='ocrx_word' id='word_1_369' title='bbox 765 2352 1029 2407; x_wconf 61' lang='lat' dir='ltr'>affectionis,</span> <span class='ocrx_word' id='word_1_370' title='bbox 1066 2355 1115 2399; x_wconf 88' lang='lat' dir='ltr'>in</span> <span class='ocrx_word' id='word_1_371' title='bbox 1142 2355 1277 2399; x_wconf 88' lang='lat' dir='ltr'>altera</span> <span class='ocrx_word' id='word_1_372' title='bbox 1298 2355 1392 2398; x_wconf 86' lang='lat' dir='ltr'>vita</span> <span class='ocrx_word' id='word_1_373' title='bbox 1413 2353 1453 2397; x_wconf 90' lang='lat' dir='ltr'>se</span> <span class='ocrx_word' id='word_1_374' title='bbox 1479 2352 1742 2407; x_wconf 85' lang='lat' dir='ltr'>manifestat,</span> <span class='ocrx_word' id='word_1_375' title='bbox 1775 2353 1976 2414; x_wconf 88' lang='lat' dir='ltr'>probitas</span> <span class='ocrx_word' id='word_1_376' title='bbox 2005 2369 2084 2415; x_wconf 87' lang='lat' dir='ltr'>per</span> <span class='ocrx_word' id='word_1_377' title='bbox 2115 2353 2229 2400; x_wconf 90' lang='lat' dir='ltr'>leni-</span> 
     </span>
     <span class='ocr_line' id='line_1_36' title="bbox 243 2415 2232 2479; baseline 0.002 -14"><span class='ocrx_word' id='word_1_378' title='bbox 243 2417 450 2466; x_wconf 88' lang='lat' dir='ltr'>tudinem</span> <span class='ocrx_word' id='word_1_379' title='bbox 472 2417 522 2463; x_wconf 84' lang='lat'>&amp;</span> <span class='ocrx_word' id='word_1_380' title='bbox 546 2416 824 2470; x_wconf 88' lang='lat' dir='ltr'>suavitatem,</span> <span class='ocrx_word' id='word_1_381' title='bbox 859 2431 940 2478; x_wconf 89' lang='lat' dir='ltr'>per</span> <span class='ocrx_word' id='word_1_382' title='bbox 963 2416 1258 2478; x_wconf 84' lang='lat' dir='ltr'>lenitudinem</span> <span class='ocrx_word' id='word_1_383' title='bbox 1281 2416 1388 2477; x_wconf 90' lang='lat' dir='ltr'>quia</span> <span class='ocrx_word' id='word_1_384' title='bbox 1410 2417 1543 2461; x_wconf 87' lang='lat' dir='ltr'>timet</span> <span class='ocrx_word' id='word_1_385' title='bbox 1575 2431 1751 2473; x_wconf 86' lang='lat' dir='ltr'>nocere,</span> <span class='ocrx_word' id='word_1_386' title='bbox 1789 2417 1841 2463; x_wconf 77' lang='grc' dir='ltr'>δε</span> <span class='ocrx_word' id='word_1_387' title='bbox 1861 2432 1942 2479; x_wconf 90' lang='lat' dir='ltr'>per</span> <span class='ocrx_word' id='word_1_388' title='bbox 1964 2415 2232 2467; x_wconf 87' lang='lat' dir='ltr'>suavitatem·</span> 
     </span>
     <span class='ocr_line' id='line_1_37' title="bbox 243 2478 2229 2548; baseline 0.002 -18"><span class='ocrx_word' id='word_1_389' title='bbox 243 2485 351 2548; x_wconf 90' lang='lat' dir='ltr'>quia</span> <span class='ocrx_word' id='word_1_390' title='bbox 371 2480 491 2528; x_wconf 83' lang='lat' dir='ltr'>amat</span> <span class='ocrx_word' id='word_1_391' title='bbox 504 2478 652 2528; x_wconf 83' lang='lat' dir='ltr'>facere</span> <span class='ocrx_word' id='word_1_392' title='bbox 675 2480 877 2528; x_wconf 90' lang='lat' dir='ltr'>bonum:</span> <span class='ocrx_word' id='word_1_393' title='bbox 912 2481 1206 2529; x_wconf 90' lang='lat' dir='ltr'>lenitudinem</span> <span class='ocrx_word' id='word_1_394' title='bbox 1230 2482 1279 2529; x_wconf 75' lang='grc' dir='ltr'>ὅτ</span> <span class='ocrx_word' id='word_1_395' title='bbox 1300 2479 1562 2527; x_wconf 87' lang='lat' dir='ltr'>suavitatem</span> <span class='ocrx_word' id='word_1_396' title='bbox 1583 2481 1784 2529; x_wconf 86' lang='lat' dir='ltr'>influxus</span> <span class='ocrx_word' id='word_1_397' title='bbox 1809 2497 1834 2529; x_wconf 88' lang='lat' dir='ltr'>a</span> <span class='ocrx_word' id='word_1_398' title='bbox 1855 2482 2080 2546; x_wconf 87' lang='lat' dir='ltr'>spiritibus</span> <span class='ocrx_word' id='word_1_399' title='bbox 2098 2483 2229 2533; x_wconf 89' lang='lat' dir='ltr'>bonis</span> 
     </span>
     <span class='ocr_line' id='line_1_38' title="bbox 244 2545 2231 2613; baseline 0.001 -15"><span class='ocrx_word' id='word_1_400' title='bbox 244 2548 407 2598; x_wconf 84' lang='lat' dir='ltr'>nostrae</span> <span class='ocrx_word' id='word_1_401' title='bbox 427 2545 593 2594; x_wconf 87' lang='lat' dir='ltr'>telluris</span> <span class='ocrx_word' id='word_1_402' title='bbox 628 2545 684 2594; x_wconf 93' lang='lat' dir='ltr'>ab</span> <span class='ocrx_word' id='word_1_403' title='bbox 706 2546 887 2594; x_wconf 85' lang='lat' dir='ltr'>illorum</span> <span class='ocrx_word' id='word_1_404' title='bbox 911 2548 1105 2612; x_wconf 90' lang='lat' dir='ltr'>perclare</span> <span class='ocrx_word' id='word_1_405' title='bbox 1126 2548 1399 2609; x_wconf 89' lang='lat' dir='ltr'>distinguere</span> <span class='ocrx_word' id='word_1_406' title='bbox 1433 2548 1579 2610; x_wconf 89' lang='lat' dir='ltr'>potui.</span> <span class='ocrx_word' id='word_1_407' title='bbox 1645 2547 1884 2604; x_wconf 88' lang='lat' dir='ltr'>Dicebant,</span> <span class='ocrx_word' id='word_1_408' title='bbox 1918 2551 2104 2613; x_wconf 87' lang='lat' dir='ltr'>quando</span> <span class='ocrx_word' id='word_1_409' title='bbox 2130 2550 2231 2600; x_wconf 85' lang='lat' dir='ltr'>leve</span> 
     </span>
     <span class='ocr_line' id='line_1_39' title="bbox 244 2613 2236 2678; baseline 0.001 -16"><span class='ocrx_word' id='word_1_410' title='bbox 244 2613 429 2678; x_wconf 86' lang='lat' dir='ltr'>aliquod</span> <span class='ocrx_word' id='word_1_411' title='bbox 452 2613 682 2660; x_wconf 87' lang='lat' dir='ltr'>diffidium</span> <span class='ocrx_word' id='word_1_412' title='bbox 707 2613 820 2660; x_wconf 89' lang='lat' dir='ltr'>inter</span> <span class='ocrx_word' id='word_1_413' title='bbox 841 2614 940 2661; x_wconf 91' lang='lat' dir='ltr'>illos</span> <span class='ocrx_word' id='word_1_414' title='bbox 962 2613 1125 2670; x_wconf 82' lang='lat' dir='ltr'>existit,</span> <span class='ocrx_word' id='word_1_415' title='bbox 1142 2613 1270 2677; x_wconf 90' lang='lat' dir='ltr'>quod</span> <span class='ocrx_word' id='word_1_416' title='bbox 1289 2626 1496 2676; x_wconf 87' lang='lat' dir='ltr'>appareat</span> <span class='ocrx_word' id='word_1_417' title='bbox 1518 2613 1632 2660; x_wconf 86' lang='lat' dir='ltr'>ficut</span> <span class='ocrx_word' id='word_1_418' title='bbox 1653 2614 1796 2660; x_wconf 89' lang='lat' dir='ltr'>tenuis</span> <span class='ocrx_word' id='word_1_419' title='bbox 1820 2614 1967 2662; x_wconf 87' lang='lat' dir='ltr'>radius</span> <span class='ocrx_word' id='word_1_420' title='bbox 1989 2616 2236 2674; x_wconf 38' lang='lat' dir='ltr'>candidus,</span> 
     </span>
     <span class='ocr_line' id='line_1_40' title="bbox 245 2675 2225 2744; baseline 0.002 -17"><span class='ocrx_word' id='word_1_421' title='bbox 245 2680 392 2744; x_wconf 83' lang='lat' dir='ltr'>qualis</span> <span class='ocrx_word' id='word_1_422' title='bbox 426 2677 533 2726; x_wconf 89' lang='lat' dir='ltr'>solet</span> <span class='ocrx_word' id='word_1_423' title='bbox 563 2678 647 2726; x_wconf 83' lang='lat' dir='ltr'>effe</span> <span class='ocrx_word' id='word_1_424' title='bbox 670 2675 879 2741; x_wconf 86' lang='lat' dir='ltr'>fulguris,</span> <span class='ocrx_word' id='word_1_425' title='bbox 926 2680 997 2727; x_wconf 89' lang='lat' dir='ltr'>vel</span> <span class='ocrx_word' id='word_1_426' title='bbox 1037 2678 1212 2728; x_wconf 90' lang='lat' dir='ltr'>fasciola</span> <span class='ocrx_word' id='word_1_427' title='bbox 1244 2680 1290 2726; x_wconf 87' lang='lat' dir='ltr'>in</span> <span class='ocrx_word' id='word_1_428' title='bbox 1321 2695 1411 2741; x_wconf 88' lang='lat' dir='ltr'>qua</span> <span class='ocrx_word' id='word_1_429' title='bbox 1433 2678 1570 2733; x_wconf 85' lang='lat' dir='ltr'>stellae</span> <span class='ocrx_word' id='word_1_430' title='bbox 1607 2678 1883 2729; x_wconf 84' lang='lat' dir='ltr'>coruscantes</span> <span class='ocrx_word' id='word_1_431' title='bbox 1915 2681 1967 2728; x_wconf 75' lang='grc' dir='ltr'>δι’.</span> <span class='ocrx_word' id='word_1_432' title='bbox 1998 2682 2190 2730; x_wconf 88' lang='lat' dir='ltr'>erratiles</span> <span class='ocrx_word' id='word_1_433' title='bbox 2209 2706 2225 2739; x_wconf 77' lang='lat'><em>3</em></span> 
     </span>
     <span class='ocr_line' id='line_1_41' title="bbox 246 2743 2228 2800; baseline 0.002 -6"><span class='ocrx_word' id='word_1_434' title='bbox 246 2746 321 2794; x_wconf 91' lang='lat' dir='ltr'>sed</span> <span class='ocrx_word' id='word_1_435' title='bbox 339 2743 582 2792; x_wconf 81' lang='lat' dir='ltr'>diffidium</span> <span class='ocrx_word' id='word_1_436' title='bbox 606 2744 718 2790; x_wconf 88' lang='lat' dir='ltr'>inter</span> <span class='ocrx_word' id='word_1_437' title='bbox 754 2744 854 2793; x_wconf 88' lang='lat' dir='ltr'>illos</span> <span class='ocrx_word' id='word_1_438' title='bbox 891 2747 985 2792; x_wconf 90' lang='lat' dir='ltr'>cito</span> <span class='ocrx_word' id='word_1_439' title='bbox 1018 2744 1274 2800; x_wconf 83' lang='lat' dir='ltr'>resarcitur:</span> <span class='ocrx_word' id='word_1_440' title='bbox 1322 2744 1461 2792; x_wconf 82' lang='lat' dir='ltr'>stellae</span> <span class='ocrx_word' id='word_1_441' title='bbox 1484 2744 1760 2792; x_wconf 88' lang='lat' dir='ltr'>coruscantes</span> <span class='ocrx_word' id='word_1_442' title='bbox 1783 2746 1834 2793; x_wconf 72' lang='grc' dir='ltr'>δε</span> <span class='ocrx_word' id='word_1_443' title='bbox 1857 2745 1990 2794; x_wconf 89' lang='lat' dir='ltr'>fimul</span> <span class='ocrx_word' id='word_1_444' title='bbox 2028 2750 2228 2797; x_wconf 84' lang='lat' dir='ltr'>erraticae</span> 
     </span>
     <span class='ocr_line' id='line_1_42' title="bbox 244 2808 2229 2877; baseline 0.002 -17"><span class='ocrx_word' id='word_1_445' title='bbox 244 2809 495 2877; x_wconf 72' lang='lat' dir='ltr'>significant</span> <span class='ocrx_word' id='word_1_446' title='bbox 532 2808 709 2867; x_wconf 86' lang='lat' dir='ltr'>falsum,</span> <span class='ocrx_word' id='word_1_447' title='bbox 746 2821 789 2856; x_wconf 94' lang='lat' dir='ltr'>at</span> <span class='ocrx_word' id='word_1_448' title='bbox 824 2811 960 2859; x_wconf 82' lang='lat' dir='ltr'>stellae</span> <span class='ocrx_word' id='word_1_449' title='bbox 993 2811 1269 2860; x_wconf 87' lang='lat' dir='ltr'>coruscantes</span> <span class='ocrx_word' id='word_1_450' title='bbox 1295 2811 1344 2858; x_wconf 86' lang='lat'>&amp;</span> <span class='ocrx_word' id='word_1_451' title='bbox 1385 2810 1491 2856; x_wconf 85' lang='lat' dir='ltr'>fixae</span> <span class='ocrx_word' id='word_1_452' title='bbox 1527 2811 1776 2874; x_wconf 73' lang='lat' dir='ltr'>significant</span> <span class='ocrx_word' id='word_1_453' title='bbox 1813 2827 1993 2870; x_wconf 89' lang='lat' dir='ltr'>verum,</span> <span class='ocrx_word' id='word_1_454' title='bbox 2039 2814 2098 2861; x_wconf 89' lang='lat' dir='ltr'>ita</span> <span class='ocrx_word' id='word_1_455' title='bbox 2137 2815 2229 2863; x_wconf 83' lang='lat' dir='ltr'>illae</span> 
     </span>
     <span class='ocr_line' id='line_1_43' title="bbox 245 2877 2010 2938; baseline -0.001 -13"><span class='ocrx_word' id='word_1_456' title='bbox 245 2877 473 2925; x_wconf 82' lang='lat' dir='ltr'>diffidium</span> <span class='ocrx_word' id='word_1_457' title='bbox 493 2880 516 2938; x_wconf 88' lang='lat'><em>(</em></span> <span class='ocrx_word' id='word_1_458' title='bbox 518 2893 545 2923; x_wconf 90' lang='lat' dir='ltr'><em>u</em></span> <span class='ocrx_word' id='word_1_459' title='bbox 548 2877 590 2932; x_wconf 93' lang='lat'>).</span> <span class='ocrx_word' id='word_1_460' title='bbox 1636 2891 1643 2894; x_wconf 90' lang='lat'>·</span> <span class='ocrx_word' id='word_1_461' title='bbox 1996 2899 2010 2902; x_wconf 33' lang='lat' dir='ltr'>a</span> 
     </span>
    </p>

    <p class='ocr_par' dir='ltr' id='par_1_7' title="bbox 1169 2943 2232 3008">
     <span class='ocr_line' id='line_1_44' title="bbox 1169 2943 2232 3008; baseline 0.004 -17"><span class='ocrx_word' id='word_1_462' title='bbox 1169 2943 1209 2990; x_wconf 91' lang='lat' dir='ltr'>C</span> <span class='ocrx_word' id='word_1_463' title='bbox 1247 2960 1273 2992; x_wconf 89' lang='lat'>2</span> <span class='ocrx_word' id='word_1_464' title='bbox 2004 2962 2079 3008; x_wconf 78' lang='lat'>5¹·</span> <span class='ocrx_word' id='word_1_465' title='bbox 2106 2947 2232 2995; x_wconf 87' lang='lat' dir='ltr'>Prae-</span> 
     </span>
    </p>
   </div>
   <div class='ocr_carea' id='block_1_6' title="bbox 310 3096 2231 3162">
    <p class='ocr_par' dir='ltr' id='par_1_8' title="bbox 310 3096 2231 3162">
     <span class='ocr_line' id='line_1_45' title="bbox 310 3096 2231 3162; baseline 0.005 -24"><span class='ocrx_word' id='word_1_466' title='bbox 310 3096 384 3156; x_wconf 76' lang='grc' dir='ltr'><strong><em>(ιι)</em></strong></span> <span class='ocrx_word' id='word_1_467' title='bbox 415 3096 540 3147; x_wconf 87' lang='lat' dir='ltr'>Quod</span> <span class='ocrx_word' id='word_1_468' title='bbox 567 3096 686 3138; x_wconf 83' lang='lat' dir='ltr'>stellae</span> <span class='ocrx_word' id='word_1_469' title='bbox 717 3098 758 3138; x_wconf 91' lang='lat' dir='ltr'>in</span> <span class='ocrx_word' id='word_1_470' title='bbox 776 3096 914 3139; x_wconf 88' lang='lat' dir='ltr'>Verbo</span> <span class='ocrx_word' id='word_1_471' title='bbox 946 3096 1126 3154; x_wconf 63' lang='lat' dir='ltr'>significo</span> <span class='ocrx_word' id='word_1_472' title='bbox 1138 3111 1172 3142; x_wconf 71' lang='lat' dir='ltr'>it</span> <span class='ocrx_word' id='word_1_473' title='bbox 1202 3102 1455 3157; x_wconf 85' lang='lat' dir='ltr'>cognitiones</span> <span class='ocrx_word' id='word_1_474' title='bbox 1481 3103 1577 3144; x_wconf 90' lang='lat' dir='ltr'>boni</span> <span class='ocrx_word' id='word_1_475' title='bbox 1610 3101 1650 3144; x_wconf 86' lang='lat'>&amp;</span> <span class='ocrx_word' id='word_1_476' title='bbox 1670 3104 1771 3151; x_wconf 86' lang='lat' dir='ltr'>veri,</span> <span class='ocrx_word' id='word_1_477' title='bbox 1803 3103 1860 3145; x_wconf 86' lang='lat' dir='ltr'>ita</span> <span class='ocrx_word' id='word_1_478' title='bbox 1889 3117 2000 3155; x_wconf 86' lang='lat' dir='ltr'>vera,</span> <span class='ocrx_word' id='word_1_479' title='bbox 2030 3119 2231 3162; x_wconf 71' lang='lat'>”²2495·</span> 
     </span>
    </p>
   </div>
   <div class='ocr_carea' id='block_1_7' title="bbox 253 3153 2241 3267">
    <p class='ocr_par' dir='ltr' id='par_1_9' title="bbox 253 3153 2241 3267">
     <span class='ocr_line' id='line_1_46' title="bbox 253 3153 2241 3216; baseline 0.006 -20"><span class='ocrx_word' id='word_1_480' title='bbox 253 3153 381 3209; x_wconf 71' lang='lat'><strong>2849.</strong></span> <span class='ocrx_word' id='word_1_481' title='bbox 401 3157 530 3209; x_wconf 79' lang='lat'><strong>4697.</strong></span> <span class='ocrx_word' id='word_1_482' title='bbox 591 3153 646 3195; x_wconf 87' lang='lat' dir='ltr'>Et</span> <span class='ocrx_word' id='word_1_483' title='bbox 678 3154 784 3208; x_wconf 89' lang='lat' dir='ltr'>quod</span> <span class='ocrx_word' id='word_1_484' title='bbox 809 3155 851 3196; x_wconf 90' lang='lat' dir='ltr'>in</span> <span class='ocrx_word' id='word_1_485' title='bbox 877 3155 1001 3198; x_wconf 85' lang='lat' dir='ltr'>altera</span> <span class='ocrx_word' id='word_1_486' title='bbox 1025 3158 1107 3200; x_wconf 80' lang='lat' dir='ltr'>vita</span> <span class='ocrx_word' id='word_1_487' title='bbox 1126 3156 1246 3202; x_wconf 78' lang='lat' dir='ltr'>Verae</span> <span class='ocrx_word' id='word_1_488' title='bbox 1275 3161 1607 3216; x_wconf 80' lang='lat' dir='ltr'>repraesententm·</span> <span class='ocrx_word' id='word_1_489' title='bbox 1626 3175 1706 3216; x_wconf 15' lang='lat' dir='ltr'>,per</span> <span class='ocrx_word' id='word_1_490' title='bbox 1740 3160 1869 3205; x_wconf 82' lang='lat' dir='ltr'>stellas</span> <span class='ocrx_word' id='word_1_491' title='bbox 1902 3160 2022 3215; x_wconf 77' lang='lat' dir='ltr'>fixas,</span> <span class='ocrx_word' id='word_1_492' title='bbox 2054 3164 2146 3207; x_wconf 77' lang='lat' dir='ltr'>falsa</span> <span class='ocrx_word' id='word_1_493' title='bbox 2168 3179 2241 3207; x_wconf 77' lang='lat' dir='ltr'>au·-</span> 
     </span>
     <span class='ocr_line' id='line_1_47' title="bbox 253 3210 1025 3267; baseline 0.004 -14"><span class='ocrx_word' id='word_1_494' title='bbox 253 3221 337 3253; x_wconf 79' lang='lat' dir='ltr'>tem</span> <span class='ocrx_word' id='word_1_495' title='bbox 357 3224 426 3267; x_wconf 80' lang='lat' dir='ltr'>per</span> <span class='ocrx_word' id='word_1_496' title='bbox 445 3210 571 3254; x_wconf 77' lang='lat' dir='ltr'>stelias</span> <span class='ocrx_word' id='word_1_497' title='bbox 586 3222 782 3264; x_wconf 83' lang='lat' dir='ltr'>errantes,</span> <span class='ocrx_word' id='word_1_498' title='bbox 818 3227 846 3257; x_wconf 90' lang='lat' dir='ltr'>n</span> <span class='ocrx_word' id='word_1_499' title='bbox 864 3227 874 3255; x_wconf 86' lang='lat'>:</span> <span class='ocrx_word' id='word_1_500' title='bbox 898 3213 1025 3258; x_wconf 84' lang='lat'>1128.</span> 
     </span>
    </p>
   </div>
  </div>
 </body>
</html>
