2502 3432
501 173 638 234 ET
685 168 1293 234 BABYLomA
1339 163 2026 232 DESTRUCTA.
2177 179 2260 243 55

202 343 205 345 ,
282 298 430 358 Quod
470 308 619 344 autem
657 294 820 342 statum
843 291 1056 339 Ecclefiae
1089 295 1266 348 attinet,
1302 292 1376 339 ille
1410 291 1476 339 est
1511 294 1594 356 qui
1631 292 1841 340 non-erit
1874 287 2028 338 fimilis
2062 284 2266 352 posthac,

285 363 438 410 similis
473 362 659 425 quidem
697 358 847 422 quoad
883 370 1111 404 externam
1141 359 1462 420 apparentiam,
1488 357 1571 404 -sed
1592 358 1811 404 diffimilis
1831 357 1983 421 quoad
2008 355 2228 402 internam
2244 363 2292 406 31(

277 428 430 492 quoad
461 440 686 474 externam
720 423 1023 487 apparentiam
1046 435 1178 470 erunt
1200 422 1415 471 Ecclefiae
1438 423 1595 469 divisae
1617 435 1670 469 ut
1693 424 1834 485 prius,
1869 421 2089 471 doctrinae
2109 422 2289 493 carufas!
2300 451 2388 485 W

276 493 562 541 docebuntur
595 503 648 538 ut
675 490 820 552 prius,
855 489 1053 536 similiter
1074 488 1277 551 religiosa
1299 488 1420 551 apud
1444 488 1645 543 Gentes,
1682 486 2079 549 {ero-Eccle

342 557 460 605 sthac
485 558 530 602 in
553 555 707 602 liberio
733 556 742 564 '
996 556 1005 564 '
1122 554 1622 610 Ϊόωὴυὶᾶςὶςμίςα
1634 552 2012 616 de,„1„]pititualibus„
2023 567 2139 615 *quae
2162 549 2266 610 sunt

320 639 369 670 oe
388 639 418 680 i,
486 621 558 668 uia
579 621 801 668 Liberum
825 620 1060 684 spirituale
1088 619 1452 683 KEEEQ„„S{'C
1471 643 1486 674 ς
1521 621 1675 667 omnia
1696 620 1817 666 enim
1844 634 1964 665 nunc
1985 618 2031 664 in
2054 513 2277 702 ordinem}

272 677 448 737 fffiffffa‘
471 637 570 734 lunt
594 688 639 733 in
661 680 792 734 coelis
814 683 862 734 δε
887 688 932 733 in
955 684 1159 742 Infernis,
1196 688 1245 734 &
1268 686 1373 734 inde
1396 685 1543 733 influit
1564 686 1714 733 omnis
1748 684 1965 747 cogitatio
1999 682 2057 729 de
2080 681 2265 729 Divinis

275 756 326 802 δε
363 766 517 802 contra
555 753 740 809 Divina,
772 768 879 800 cum
903 753 1084 800 Divinis
1106 770 1130 800 e
1151 752 1316 810 Coelis,
1349 753 1402 800 δε
1440 765 1595 799 contra
1630 752 1801 799 Divina
1838 766 1895 798 ex
1931 747 2150 798 Infernis:
2187 745 2266 792 sed

272 819 386 867 hanc
408 819 542 866 status
569 821 865 866 mutationem
891 819 1031 865 homo
1054 834 1135 865 nec
1159 819 1204 865 in
1237 819 1278 865 se
1309 819 1652 875 animadvertet,
1686 817 1904 880 quoniam
1947 831 2039 864 non
2078 812 2266 860 refleffit

270 885 403 948 {super
435 885 501 942 id,
537 901 619 933 nec
643 885 723 932 scit
743 885 911 947 aliquid
935 885 991 931 de
1013 884 1184 931 Libero
1224 883 1453 947 spirituali,
1489 900 1572 932 nec
1608 885 1666 931 de
1698 884 1909 930 lnfluxu:
1946 891 2263 929 verumtamen

272 953 322 999 in
346 951 485 998 Coelo
522 950 567 996 id
607 952 870 1014 percipitur,
904 951 955 997 &
977 966 1161 1013 quoque
1183 950 1238 996 ab
1258 950 1357 1013 ipso
1379 950 1563 997 homine
1582 949 1685 1014 post
1722 962 1918 997 mortem
1955 946 2065 1011 ejus.
2135 945 2263 1007 Qia

273 1018 447 1064 homini
468 1016 689 1064 Liberum
725 1016 946 1079 spirituale
978 1016 1233 1063 restitutum
1270 1016 1348 1072 est,
1383 1017 1487 1062 ideo
1511 1016 1669 1063 Sensus
1704 1014 1938 1079 spiritualis
1961 1013 2103 1060 Verbi
2137 1026 2262 1058 nunc

269 1083 473 1129 deteetus
503 1081 583 1137 est,
618 1098 669 1128 ac
693 1094 772 1144 per
794 1082 838 1128 id
865 1082 1031 1129 Divina
1052 1098 1158 1128 vera
1189 1083 1396 1129 interiora
1417 1083 1610 1129 revelata
1633 1082 1733 1129 sunt
1755 1104 1770 1137 ·‚
1806 1082 1879 1128 illa
1900 1081 2022 1128 enim
2047 1079 2189 1125 homo
2212 1077 2262 1123 in

272 1149 412 1212 priori
448 1146 559 1194 statu
596 1163 688 1194 non
726 1148 1029 1194 intelleOEturus
1061 1148 1187 1204 effet,
1235 1149 1288 1195 δε
1328 1149 1409 1211 qui
1448 1149 1768 1203 intelledturuS,
1810 1149 1846 1193 is
1885 1145 2259 1210 prophanaturus.

275 1213 418 1269 Quod
457 1213 631 1259 homini
669 1212 859 1260 liberum
902 1213 955 1259 fit
992 1229 1070 1276 per
1108 1214 1415 1276 aequilibrium
1458 1214 1573 1272 inter
1610 1214 1799 1262 Coelum
1837 1214 1885 1260 &
1919 1211 2172 1265 Infernum,
2208 1209 2259 1255 &

271 1277 401 1340 quod
441 1277 581 1323 homo
620 1293 712 1324 non
742 1278 826 1324 nifi
863 1294 999 1340 quam
1040 1280 1086 1325 in
1126 1279 1267 1326 libero
1299 1279 1527 1326 reformari
1549 1281 1698 1343 poffit,
1732 1278 1938 1326 videatur
1960 1278 2008 1324 in
2031 1278 2183 1339 Opere
2202 1273 2260 1321 de

272 1342 411 1390 Coelo
433 1342 483 1388 &
508 1341 703 1396 Inferno,
739 1358 769 1388 n
797 1359 806 1387 :
834 1358 929 1404 597
953 1343 1010 1389 ad
1035 1343 1187 1389 finem.

295 1465 298 1469 Ι
343 1424 420 1469 74.
456 1407 701 1468 Loquutus
739 1405 838 1453 sum
878 1423 986 1453 cum
1018 1408 1211 1468 Angelis
1250 1408 1372 1453 varia
1415 1408 1472 1454 de
1517 1407 1629 1453 statu
1670 1407 1883 1455 Ecclefiae
1929 1407 2131 1470 posthac,
2174 1405 2259 1467 qui
2336 1438 2339 1440 -

273 1474 487 1529 dixerunt
513 1470 646 1534 >quod
671 1484 859 1520 ventura
892 1488 982 1519 non
1019 1471 1172 1529 sciant,
1206 1474 1311 1535 quia
1334 1485 1521 1520 ventura
1544 1471 1650 1519 scire
1683 1473 1746 1519 est
1782 1473 1913 1520 solius
1937 1472 2147 1528 Domini,
2182 1470 2259 1517 sed
2318 1512 2321 1515 .

271 1538 402 1602 quod
425 1537 576 1592 sciant,
611 1538 737 1598 quod
760 1539 807 1584 id
830 1537 1006 1584 servum
1031 1539 1081 1584 δε
1104 1540 1357 1600 captivum,
1393 1540 1439 1584 in
1473 1553 1569 1600 quo
1608 1535 1694 1585 fuit
1734 1540 1875 1585 horno
1899 1538 2110 1585 Ecclefiae
2134 1548 2272 1589 ante-⁷

268 1603 372 1658 hac,
406 1601 627 1648 sublatum
649 1601 719 1656 stt,
755 1603 805 1648 ὅτ
826 1603 950 1663 quod
984 1617 1107 1647 nunc
1140 1617 1197 1648 ex
1218 1602 1391 1648 Libero
1427 1603 1630 1649 restituto
1663 1602 1825 1650 melius
1863 1603 2089 1666 percipere
2125 1603 2259 1664 poffit

161 1681 165 1685 ·
266 1682 377 1714 vera
413 1666 634 1721 interiora,
669 1665 703 1711 fi
724 1665 826 1712 vult
864 1667 1106 1729 percipere,
1137 1666 1191 1714 &
1213 1666 1273 1712 fic
1312 1667 1494 1714 interior
1533 1667 1644 1722 fieri,
1681 1666 1713 1713 fi
1735 1668 1837 1715 vult
1860 1668 1991 1724 fieri;
2027 1667 2100 1714 sed
2125 1668 2255 1729 quod

262 1730 406 1796 »usque
426 1730 590 1786 exilem
615 1729 739 1793 spem
763 1730 948 1779 habeant
971 1733 1029 1778 de
1059 1730 1320 1780 hominibus
1344 1732 1558 1782 Ecclefiae
1581 1731 1862 1789 Christianae,
1897 1732 1961 1780 ast
1985 1733 2176 1781 multam
2199 1733 2259 1781 de

272 1798 419 1860 aliqua
442 1797 589 1844 Gente
610 1796 668 1842 ab
687 1796 795 1844 orbe
818 1797 1069 1845 Christiano
1091 1797 1238 1845 diffita
1255 1797 1307 1845 δε
1329 1798 1385 1845 ab
1419 1797 1745 1846 infestatoribus
1779 1799 1883 1846 inde
1922 1812 2115 1856 remota,
2148 1815 2258 1861 quae

267 1863 370 1914 talis
407 1861 486 1918 est,
516 1874 573 1908 ut
609 1862 757 1909 lucem
794 1862 1062 1926 spiritualem
1100 1866 1232 1927 poffit
1264 1865 1476 1928 recipere,
1520 1881 1570 1913 ac
1607 1864 1801 1913 coelestis
1840 1865 2074 1930 spiritualis
2114 1865 2258 1912 homo

266 1928 398 1983 ,fieri3
434 1929 483 1976 ὅτ,
505 1927 729 1987 dixerunt,
764 1930 891 1992 quod
929 1930 1064 1978 hodie
1103 1930 1354 1978 revelentur
1388 1931 1510 1994 apud
1551 1931 1674 1978 illam
1711 1932 1909 1980 Gentem
1944 1933 2114 1980 Divina
2137 1932 2256 1978 Vera

267 1994 492 2049 interiora,
536 1994 585 2041 &
621 2009 804 2058 quoque
843 1997 1110 2062 recipiantur
1147 1995 1361 2062 spirituali
1397 1997 1508 2056 fide,
1548 1997 1637 2046 hoc
1673 1998 1753 2056 est,
1787 1999 1880 2047 vita
1917 1999 1967 2047 δε
2000 1997 2157 2054 corde,
2196 1997 2254 2046 δε

261 2059 397 2124 quod
416 2059 676 2108 Dominum
707 2061 904 2110 adorent.

910 2527 1550 2597 FINIS.

2426 398 2480 450 a.
