2508 3432
255 123 341 169 20
578 88 1956 164 DENOVAH1ER080LYMA'

254 229 386 275 detur
410 226 705 291 paralelismus
729 228 839 273 inter
863 226 1120 274 Dominum
1145 226 1193 274 &
1218 226 1449 274 hominem
1473 226 1626 289 quoad
1647 227 1736 284 illa,
1762 227 1833 274 sed
1857 228 2005 292 quoad
2031 229 2232 287 bonurrrr

260 296 484 354 11:1831.
518 296 656 354 1832.
687 293 1001 364 35143564.

327 358 491 405 Facere
527 358 699 404 bonurn
733 358 782 404 &
808 374 967 404 verum
1004 368 1187 420 propter
1209 357 1382 404 bonum
1419 356 1467 403 δι
1505 371 1683 413 verum,
1717 357 1842 419 quod
1878 357 1931 404 fit
1961 374 2105 407 amare
2128 361 2242 407 Do:
2307 385 2311 388 ·

261 425 439 470 minum
462 423 514 470 &
536 439 683 469 amare
708 424 987 486 proximum,
1025 439 1083 470 n:
1113 423 1282 483 10336.
1353 421 1515 478 Quod,
1550 422 1629 484 qui
1667 423 1712 468 in
1752 423 1924 470 interno
1947 423 2103 480 Verbi,
2140 425 2230 472 Ee·

261 488 418 542 clefiae,
452 488 499 534 δε
536 488 698 535 Cultus
739 488 854 544 sunt,
898 500 1048 535 ament
1082 486 1222 534 facere
1262 487 1432 538 bonum
1474 487 1523 533 &
1557 502 1714 534 verum
1754 499 1938 550 propter
1977 488 2149 535 bonum
2184 491 2235 538 δε

260 568 438 608 verum,
474 554 552 616 qui
576 566 725 616 autem
750 555 795 599 in
819 566 1004 599 externo
1027 552 1208 599 illorum
1237 553 1398 614 absque
1421 552 1596 598 interno
1619 551 1734 606 sunt,
1769 554 1892 615 quod
1918 566 2068 600 ament
2091 552 2236 601 facere

257 618 431 665 bonurn
454 619 504 665 δε
526 634 683 665 verum
709 631 892 681 propter
915 618 956 665 se
979 619 1027 665 &
1054 617 1296 673 mundum,
1334 633 1389 663 n:
1417 617 1588 664 10662.
1665 618 1796 681 Qid
1821 619 1873 666 sit
1896 618 2036 666 facere
2061 620 2231 666 bonum

261 686 310 731 ὅτ
338 683 496 730 vesum
521 696 703 747 propter
722 685 893 730 bonum
917 685 963 730 &
985 697 1160 739 verum,
1197 682 1460 729 illustratum
1485 696 1564 744 per
1585 682 1806 744 exempla,
1843 700 1870 730 n
1892 702 1901 731 ε
1929 686 2099 733 10682.

331 750 406 795 26.
446 749 515 796 De
536 752 676 796 va'riis
700 750 827 796 Bonis
850 747 904 795 {9³
922 751 1056 799 Vem‘s.
1127 747 1272 811 Qod
1308 747 1479 794 infinita
1502 748 1686 793 varietas
1719 747 1786 804 fit,
1822 749 1871 795 δε
1905 748 2121 813 nusquam
2157 750 2235 798 ali-

259 813 370 878 quid
398 814 517 861 idem
544 830 650 861 cum
674 814 826 871 altero,
863 830 891 861 n
913 831 926 862 2
947 814 1087 876 7236.
1111 829 1256 876 9002.
1326 813 1468 871 Quod
1491 812 1535 857 in
1554 812 1681 858 coelis
1705 813 1837 859 etiam
1859 815 2030 863 infinita
2055 817 2239 864 varietas

261 881 330 936 fit,
368 896 395 926 11
418 897 428 927 :
453 879 564 939 684,
604 881 713 942 690.
745 896 884 941 3744.
947 883 1055 942 598.
1085 879 1227 943 7236.
1296 877 1441 939 Quod
1475 879 1705 924 varietates
1741 878 1785 924 in
1811 879 1940 926 coelis
1974 881 2058 928 sint
2095 883 2234 929 varie·

261 957 375 993 tates
418 944 556 1001 boni,
603 946 653 992 &
687 945 813 1008 quod
851 896 955 991 indqe
994 943 1219 991 distinfflo
1257 945 1467 990 omnium
1501 942 1597 998 ibi;
1634 959 1695 988 n:
1725 959 1868 1006 3519·
1909 960 2051 1007 3744.
2090 950 2236 1008 3804.

263 1011 407 1074 3986.
434 1027 586 1071 4005..
607 1012 750 1073 4067.
778 1026 922 1072 4¹49·
947 1009 1091 1071 4263.
1122 1009 1265 1073 7236.
1291 1011 1432 1071 7833.
1463 1010 1608 1070 7836.
1641 1023 1785 1070 900²·
1856 1009 2002 1073 Qod
2036 1011 2125 1058 illae
2158 1027 2236 1060 va-

260 1079 433 1123 rietates
458 1076 541 1123 sint
563 1091 618 1123 ex
642 1076 772 1132 veris,
797 1091 902 1138 quae
924 1074 1204 1137 multiplicia,
1230 1089 1308 1136 per
1330 1089 1436 1136 quae
1459 1073 1631 1119 bonum
1654 1074 1814 1129 cuivis,
1841 1090 1897 1120 n:
1921 1086 2064 1139 3470.
2091 1084 2236 1140 3519.

265 1145 409 1204 3804.
436 1157 582 1203 4149.
629 1142 771 1203 6917.
801 1142 942 1204 7236.
1015 1141 1158 1205 Qod
1195 1139 1299 1186 inde
1332 1153 1490 1186 omnes
1516 1137 1737 1185 societates
1771 1139 1985 1201 angelicae
2019 1142 2065 1188 in
2089 1142 2239 1200 coelis,

262 1208 312 1253 δι
337 1206 632 1270 unusquisque
655 1206 837 1269 angelus
862 1207 908 1252 in
924 1206 1140 1261 societate,
1165 1205 1277 1252 inter
1300 1204 1340 1251 se
1358 1203 1551 1251 distincti
1575 1203 1676 1260 fint,
1703 1220 1758 1251 n:
1787 1206 1896 1267 690.
1924 1222 2067 1268 3241.
2093 1224 2238 1272 3519.

263 1276 411 1335 3804.
439 1273 582 1335 3986.
606 1272 751 1334 4067.
776 1288 924 1333 4149.
950 1272 1095 1333 4263.
1126 1271 1266 1334 7236.
1297 1273 1439 1332 7833.
1470 1270 1611 1331 7836.
1681 1270 1767 1316 Sed
1788 1271 1913 1332 quod
1940 1272 2074 1335 usque
2095 1289 2239 1322 unum

263 1350 398 1400 agant
432 1353 511 1400 per
535 1340 760 1385 Amorem
793 1353 818 1384 a
838 1338 1063 1392 DominO,
1099 1337 1148 1383 &
1172 1351 1252 1399 per
1273 1335 1398 1398 quod
1434 1334 1631 1396 spectent
1666 1349 1810 1381 unum
1845 1335 2002 1395 finem,
2041 1355 2069 1385 n
2089 1357 2100 1386 :
2122 1356 2237 1403 457.

266 1419 479 1531 39Q0d
502 1467 620 1514 bona
638 1467 684 1513 &
710 1482 815 1513 vera
845 1468 889 1512 in
914 1480 1073 1527 genere
1097 1463 1344 1511 secundum
1374 1460 1539 1524 gradus
1570 1463 1900 1526 distinguantur
1933 1467 1979 1512 in
2013 1470 2243 1526 naturalia,

263 1531 518 1595 spiritualia,
554 1532 604 1576 ὅτ
632 1530 843 1584 coelestia,
881 1545 909 1574 n
929 1546 940 1575 ε
962 1529 1103 1589 2069.
1130 1542 1275 1589 3240.
1345 1527 1488 1589 Qod
1522 1536 1608 1573 tres
1630 1528 1796 1589 gradus
1819 1529 1925 1586 boni
1949 1530 1999 1576 &
2023 1531 2126 1580 inde
2149 1535 2243 1581 veri

262 1597 348 1645 fint
385 1597 429 1642 in
452 1596 688 1642 communi
725 1593 972 1640 secundum
1006 1604 1093 1637 tres
1124 1591 1285 1644 coe105,
1322 1605 1545 1649 n:4154.
1569 1593 1713 1652 9873.
1749 1594 1920 1653 10296.
1991 1594 2136 1652 Quod
2160 1601 2239 1645 tri.

261 1662 392 1726 plicis
427 1660 599 1723 generis
633 1659 750 1705 bona
773 1659 948 1705 &inde
972 1671 1073 1702 vera
1106 1654 1191 1700 lint
1225 1655 1271 1699 in
1309 1654 1491 1700 Interno
1526 1655 1731 1707 homine,
1764 1656 1817 1701 &·
1852 1657 2043 1705 totidem
2077 1662 2123 1707 in
2146 1662 2243 1710 Ex-

263 1742 409 1782 terno,
445 1739 664 1784 1114154.
736 1723 882 1783 Quod
906 1721 960 1768 fit
983 1721 1157 1768 bonum
1181 1719 1393 1783 naturale,
1419 1718 1588 1764 bonum
1613 1719 1763 1775 civile,
1788 1721 1835 1766 &
1863 1720 2033 1771 bonum
2059 1728 2244 1791 morale,

264 1810 296 1840 n
320 1811 330 1840 ε
353 1793 496 1856 3768.
567 1789 713 1853 Qod
737 1788 909 1835 bonum
935 1786 1150 1842 naturale,
1187 1786 1233 1831 in
1256 1784 1380 1846 quod
1417 1784 1553 1847 aliqui
1578 1783 1828 1840 nascuntur,
1871 1803 1960 1834 non
1985 1790 2037 1837 fit
2070 1791 2244 1842 bonum

265 1860 313 1905 in
336 1859 469 1904 altera
491 1856 598 1910 vita,
638 1854 718 1901 nifi
753 1854 831 1900 fiat
864 1853 1035 1900 bonum
1061 1849 1298 1914 spirituale,
1335 1866 1394 1896 n:
1419 1851 1562 1913 2463.
1588 1851 1729 1910 2464.
1759 1853 1900 1910 2468.
1927 1860 2070 1917 3408.
2098 1864 2242 1925 3469,

270 1939 415 1987 3470.
456 1925 600 1986 3508.
641 1922 786 1983 3518.
829 1920 970 1982 7761.
1044 1918 1123 1964 De'
1154 1916 1274 1962 bono
1308 1916 1492 1962 naturali
1529 1916 1757 1979 spirituali,
1804 1918 1853 1965 δε
1889 1935 1980 1966 non
2016 1921 2243 1984 spirituali,

267 1993 495 2052 11:4988.
523 2002 669 2050 4992.
696 2001 842 2048 5032.
915 1983 1060 2047 Qod
1099 1982 1152 2029 fit
1187 1996 1345 2028 verum
1394 1981 1713 2037 intelle&ual·e,
1747 1984 1809 2041 δε,
1835 1986 1960 2046 quod
2000 1987 2053 2034 fit
2082 2004 2243 2039 verum

265 2049 579 2107 scientificum,
606 2068 667 2100 n:
692 2066 831 2114 1904.
865 2066 947 2113 191
966 2066 1002 2095 1.
1044 2064 1186 2111 2503.

338 2135 414 2184 27.
452 2117 581 2179 Qod
600 2117 817 2179 sapientia
834 2115 897 2172 fit
922 2132 971 2162 ex
994 2115 1096 2161 bono
1123 2125 1203 2175 per
1224 2129 1345 2160 vera.
1414 2112 1670 2176 Qomodo
1695 2114 1949 2177 concipitur
1981 2118 2030 2164 ὅτ
2056 2119 2246 2169 1121οἰ101·

104 2212 105 2216 =
270 2185 480 2231 rationale
507 2183 626 2246 apud
651 2183 900 2237 hominem,
927 2197 955 2227 n
980 2196 1152 2243 ³²094·
1181 2195 1324 2241 2574.
1355 2194 1496 2245 2557.
1526 2194 1667 2241 3030.
1693 2179 1834 2240 5126.
1908 2182 2050 2243 Quod
2075 2199 2154 2246 per
2177 2189 2244 2234 in-

271 2253 447 2309 fluxum
472 2249 659 2295 Domini
696 2264 774 2311 per
805 2248 1000 2302 coelum,
1041 2247 1086 2292 in
1111 2246 1389 2307 cognitiones
1424 2246 1472 2290 ὅτ
1494 2243 1690 2292 scientias
1708 2261 1819 2308 quae
1849 2248 1967 2309 apud
1992 2248 2246 2311 hominem,

269 2317 319 2363 ὅτ
346 2315 448 2362 inde
471 2315 784 2369 elevationem,
821 2330 849 2359 11
872 2330 882 2358 :
907 2315 1046 2374 1895.
1080 2313 1219 2374 1896.
1251 2314 1389 2373 1900.
1420 2326 1559 2373 1901.
1596 2310 1758 2371 ,(ᾈιοά
1790 2310 1980 2358 elevatio
2015 2313 2067 2360 fit
2090 2314 2244 2363 secun,-

272 2382 386 2428 dum
413 2380 512 2427 usus
535 2381 584 2426 &
608 2395 765 2429 eorum
793 2393 1010 2433 amorem,
1039 2393 1067 2423 n
1091 2394 1102 2422 :
1124 2391 1268 2439 3074.
1298 2378 1440 2436 3085.
1468 2377 1611 2436 3086.
1650 2375 1793 2434 Quod
1820 2377 2027 2422 rationale
2051 2379 2246 2429 nascatur

270 2462 349 2509 per
372 2461 491 2500 vera,
528 2445 630 2491 inde
653 2444 801 2506 qualia
832 2443 906 2489 illa
936 2442 1052 2495 sunt,
1092 2441 1176 2487 tale
1200 2440 1423 2496 rationale,
1460 2457 1519 2485 n:
1544 2455 1687 2500 2094.
1726 2454 1865 2498 2524.
1897 2455 2037 2502 2557.
2098 2444 2243 2507 Qod

271 2511 480 2558 rationale
506 2526 582 2572 per
605 2525 707 2554 vera
735 2524 790 2554 ex
811 2508 932 2555 bono
966 2507 1185 2570 aperiatur
1216 2506 1265 2551 &
1289 2504 1526 2557 formetur,
1559 2504 1609 2548 &
1632 2503 1758 2563 quod
1796 2518 1875 2565 per
1907 2504 2009 2552 falsa
2045 2523 2101 2554 ex
2125 2513 2246 2561 malo

274 2576 504 2622 claudatur
540 2577 587 2621 &
611 2571 879 2629 destruatur,
911 2590 938 2620 n
962 2590 971 2618 :
993 2574 1136 2634 3108.
1164 2569 1306 2631 5126.
1380 2567 1524 2629 Qod
1550 2566 1689 2612 homo
1722 2583 1811 2614 non
1837 2569 2056 2618 rationalis
2091 2575 2143 2622 fit
2165 2593 2253 2639 per-

272 2642 319 2687 id
344 2641 468 2703 quod
494 2641 739 2700 ratiocinari
760 2640 972 2701 queatde
993 2649 1262 2700 quacunque
1286 2631 1446 2687 re‚,sed
1471 2632 1596 2694 quod
1621 2632 1768 2679 videre
1791 2634 1840 2679 &
1865 2638 2090 2699 percipere
2112 2645 2249 2703 poffit

274 2721 386 2753 num
422 2720 581 2751 verum
621 2704 674 2749 fit
701 2705 773 2749 vel
813 2720 921 2759 non,
965 2720 992 2748 n
1014 2721 1025 2750 :
1055 2715 1193 2764 1944.
1265 2697 1409 2762 Qod
1449 2697 1601 2743 homo.
1622 2713 1712 2743 non
1754 2698 1948 2746 nascatur
1982 2704 2027 2749 in
2059 2705 2244 2770 aliquod

273 2786 456 2826 verum,
492 2771 596 2836 quia
634 2784 724 2814 non
765 2769 1025 2823 inbonum,
1063 2767 1133 2812 sed
1157 2764 1280 2827 quod
1319 2778 1454 2809 omne
1484 2761 1680 2808 addiscet
1714 2765 1761 2810 &
1786 2765 1975 2821 imbuet,
2014 2785 2042 2815 n
2064 2788 2075 2816 :
2099 2789 2241 2835 3175,

274 2835 420 2897 Quod
446 2834 586 2881 horno
610 2849 731 2895 aegre
754 2834 944 2895 recipere
968 2834 1097 2895 poffit
1124 2846 1222 2876 vera
1243 2830 1454 2893 genuina,
1490 2829 1539 2874 &
1562 2829 1618 2874 fic
1654 2827 1814 2890 sapere,
1847 2845 2031 2895 propter
2056 2833 2245 2888 fallacias

275 2900 478 2948 sensuum
518 2901 566 2946 &
591 2897 885 2960 persuasiones
920 2897 1027 2954 falfi,
1063 2897 1116 2944 ὅτι
1142 2895 1246 2942 inde
1281 2894 1505 2941 ratiocinia
1540 2896 1587 2940 &
1611 2893 1762 2952 dubia,
1803 2912 1860 2943 n:
1883 2914 2025 2961 3175.
2098 2901 2244 2960 Quod

193 2969 195 2971 ’
272 2967 544 3014 1101001000
569 2964 751 3026 incipiat
777 2963 936 3025 sapere,
962 2977 1066 3008 curn
1094 2962 1250 3024 incipit
1275 2959 1456 3006 aversari
1490 2960 1715 3006 ratiocinia
1738 2974 1893 3008 contra
1912 2979 2036 3020 vera„
2065 2967 2115 3013 δε
2137 2968 2236 3032 reji-

272 3047 369 3081 aere
390 3031 558 3087 dubia,
584 3046 641 3076 n:
665 3044 820 3091 321752
867 3028 1008 3093 Qod
1036 3028 1243 3074 rationale
1270 3026 1514 3073 humanum
1543 3041 1630 3073 non
1655 3025 1918 3076 illustratum
1944 3028 2119 3078 irrideat
2142 3049 2246 3086 veta

2021 3095 2256 3165 interiora„
