2502 3432
246 219 337 277 44
506 193 616 252 DE
666 185 1264 254 TELLURIBUS
1321 210 1396 254 m
1448 191 1965 259 uuivmso,

317 333 421 378 107.
458 314 667 389 Quidam
691 327 748 358 ex
771 311 876 367 illis,
915 313 996 375 qui
1019 313 1074 359 ab
1097 313 1231 361 altera
1252 325 1376 376 parte
1400 314 1598 363 Planetae
1623 329 1853 379 apparent,
1896 318 1942 364 &
1970 314 1994 362 s
1990 328 2068 364 unt
2094 318 2224 366 mites

200 418 203 423 .
248 386 295 431 &
339 383 542 455 humani,
600 380 770 425 adme
813 379 1069 435 veniebant,
1122 380 1170 426 &
1205 379 1463 427 sistebantur
1511 382 1619 427 mihi
1668 383 1853 429 videndi
1903 383 2029 445 supra
2073 398 2227 446 caput,

246 464 353 520 cum
376 448 540 510 quibus
563 445 916 506 varia-loquutus
938 445 1071 500 sum;
1116 446 1231 491 inter
1264 446 1344 492 alia
1377 445 1598 501 dicebant,
1632 448 1776 508 quod,
1815 464 1922 494 cum
1966 451 2008 496 in
2052 451 2227 496 mundo

243 518 442 569 iuerunt,
489 512 772 574 agnoverint,
820 510 869 556 &
909 510 1034 572 quod
1083 511 1228 572 magis
1269 526 1388 557 nunc
1438 511 1678 573 agnoscant
1717 514 1975 560 Dominum
2027 515 2229 561 nostrum

245 595 330 643 pro
353 579 430 625 suo
453 579 610 624 Unico
635 577 768 629 Deo;
810 574 1000 637 agebant,
1034 577 1158 637 quod
1182 579 1226 621 in
1251 577 1436 622 Tellure
1470 577 1542 622 sua
1564 577 1756 624 viderint
1778 579 1949 641 Ipsum,
1975 582 2023 627 &c
2048 596 2230 642 quoque

244 644 483 709 quomodo
503 642 656 705 Ipsum
691 641 913 697 viderant,
945 641 1324 702 repraesentabant.
1394 642 1464 687 Hi
1491 644 1682 704 Spiritus
1716 647 1758 689 in
1786 645 1998 692 Maximo
2022 648 2230 693 Homine

246 710 439 758 referunt
465 709 718 755 Memoriam
749 722 889 752 rerum
924 706 1234 752 materialium·
1256 706 1568 753 concordantem
1610 725 1699 754 cum
1724 712 1938 756 Memoria
1977 728 2116 758 rerum
2148 714 2228 757 im-

245 775 545 828 materialium,
582 787 718 835 quam
759 769 932 832 spiritus
959 772 1175 817 Mercurii
1213 770 1436 818 referunt:
1480 785 1754 835 quapropter
1778 774 1953 836 spiritus
1991 778 2215 824 Mercurii·

247 858 355 889 cum
391 842 458 886 his
492 837 716 901 spiritibus
738 837 926 882 Veneris
964 836 1269 898 maximopere
1306 838 1599 893 concordant,
1641 836 1890 886 icleovcum
1924 842 2056 889 simul
2090 812 2228 889 erant,

245 909 401 955 semita
425 904 484 951 est
520 919 576 950 ex
604 903 779 948 influxu
809 901 913 948 inde
937 899 1130 949 mu'tatio
1156 902 1354 965 insignis,
1396 904 1444 949 δε
1469 903 1668 966 operatio
1700 902 1828 951 fortis
1852 906 1896 952 in
1926 923 2028 954 meo
2051 878 2231 956 cerebrd

251 973 454 1019 videatur
490 969 618 1033 supra
653 985 680 1014 n
702 985 810 1031 :.43.
1577 959 1580 961 ’

320 1045 423 1112 ῐοβ.
462 1038 584 1111 Cum
629 1034 715 1080 illis
746 1046 907 1079 autem
944 1033 1184 1095 spiritibus,
1223 1034 1301 1095 qui
1342 1049 1364 1079 a
1389 1045 1510 1096 parte
1550 1034 1637 1080 huc
1664 1033 1882 1097 spectante
1911 1051 2139 1100 apparent,
2181 1054 2232 1085 ac

250 1103 350 1152 sunt
387 1117 584 1150 immites
624 1101 670 1146 ὅτ
698 1115 825 1162 paene
860 1098 1004 1155 ferini,
1047 1115 1134 1146 non
1162 1099 1375 1161 loquutus
1401 1099 1518 1155 sum,
1561 1101 1632 1146 sed
1658 1101 1845 1147 relatum
1883 1102 1945 1147 est
1968 1104 2022 1149 ab
2046 1104 2212 1166 angelis

247 1171 399 1235 quales
441 1169 557 1222 sunt,
596 1167 642 1213 &
681 1166 806 1212 unde
841 1165 926 1211 illis
969 1178 1059 1211 tam
1102 1163 1241 1211 ferina
1275 1177 1462 1219 natura;
1511 1166 1635 1226 quod
1677 1182 1839 1228 nempe
1877 1167 1938 1212 ibi
1974 1139 2230 1216 admoduni

249 1234 729 1294 deleiienturrapinis,
765 1232 814 1277 &
839 1247 978 1293 quam
1005 1232 1203 1277 maxime
1234 1230 1364 1276 edere
1386 1247 1442 1276 ex
1466 1232 1627 1293 rapinis
1649 1248 1659 1276 t
1693 1229 1952 1292 jucunditas
1976 1234 2096 1290 inde,
2122 1250 2231 1281 cum

247 1303 450 1366 cogitant
473 1300 530 1346 de
559 1299 688 1344 edere
720 1312 776 1342 ex
808 1297 988 1358 rapinis,
1030 1311 1211 1352 mecum
1236 1296 1573 1341 communicata
1594 1294 1696 1351 fuit,
1737 1298 1786 1343 &
1815 1311 2082 1361 appercepta
2104 1301 2231 1362 quod

247 1368 424 1415 summa
446 1365 564 1412 effet.
636 1361 781 1419 Quod
808 1361 974 1425 Incolae
995 1359 1071 1406 tali
1095 1371 1247 1405 natura
1271 1358 1406 1406 ferina
1429 1360 1563 1405 etiam
1601 1361 1646 1405 in
1671 1359 1816 1407 nostra
1844 1362 2026 1410 'l'ellure
2050 1362 2231 1420 fuerint,

247 1446 369 1497 patet
418 1446 474 1478 ex
516 1426 757 1475 Historicis
799 1427 1025 1472 variarum
1061 1425 1314 1487 gentium,
1376 1437 1478 1471 tum
1524 1441 1581 1471 ex
1628 1425 1792 1472 Incolis
1849 1439 1981 1475 terrae
2018 1430 2233 1477 Canaanis
2277 1448 2284 1455 ·

253 1516 271 1545 1
301 1501 438 1546 Sam:
462 1511 597 1550 xxx:
625 1498 711 1540 16:
754 1493 803 1538 &
829 1507 1012 1555 quoque
1051 1506 1107 1537 ex
1129 1491 1278 1538 Gente
1303 1490 1494 1551 Judaica
1529 1492 1578 1538 &
1601 1490 1831 1539 Israelitica
1863 1494 1997 1540 etiam
2031 1506 2235 1559 ternpore

244 1565 456 1618 Davidis,
499 1561 628 1624 quod
652 1559 894 1622 quotannis
918 1556 1196 1605 excursiones
1228 1556 1431 1612 fecerint,
1466 1557 1515 1604 &
1541 1556 1784 1619 depraedati
1809 1570 1980 1621 genteS,
2023 1563 2070 1610 &
2096 1559 2232 1610 laetati

244 1647 302 1678 ex
340 1629 494 1693 praeda
533 1625 824 1672 comederint.
897 1624 1089 1669 Dictum
1139 1623 1292 1676 etiam,
1350 1621 1474 1682 quod
1513 1622 1691 1667 Jncolae
1744 1623 1807 1668 illi
1852 1625 2002 1684 quoad
2054 1627 2234 1688 plurem

238 1710 420 1760 *partem
459 1693 545 1740 sint
585 1693 805 1754 gigantes,
843 1688 893 1734 ὅτ
916 1687 1041 1750 quod
1073 1686 1235 1732 nostrae
1269 1686 1437 1732 telluris
1461 1685 1663 1732 homines
1697 1688 1838 1734 modo
1870 1683 2234 1740 ad‘umbilicum

245 1777 406 1810 eorum
443 1758 711 1822 pertingant.
780 1755 910 1799 Tum
947 1767 1150 1815 quoque,
1198 1751 1324 1813 quod
1362 1750 1446 1797 fint
1486 1751 1667 1813 stupidi,
1712 1769 1803 1800 non
1832 1769 2081 1816 quaerentes
2115 1760 2230 1821 quid

246 1828 439 1882 coelum,
482 1836 558 1871 aut
598 1821 711 1884 quid
736 1819 828 1865 vita
848 1830 1040 1875 aeterna,
1079 1815 1150 1863 sed
1174 1817 1300 1881 quod
1325 1815 1487 1864 soluni'
1507 1817 1582 1864 illa
1605 1831 1761 1865 curent
1798 1835 1904 1883 quae
1939 1821 2040 1870 sunt
2073 1839 2232 1872 eorum

246 1898 393 1950 terrae,
427 1892 476 1939 &
499 1903 658 1936 eorum
683 1900 916 1949 pecorum.

311 1977 425 2022 109.
465 1956 586 2015 Quia
620 1953 725 2000 tales
760 1951 876 2007 sunt,
916 1947 1183 1996 etiam'cum
1206 1948 1255 1995 in
1279 1947 1460 1995 alteram
1484 1949 1853 2008 vitamtveniunt,
1891 1952 2148 2004 infestantur
2171 1958 2232 2008 ibi

232 2041 386 2091 -quam
412 2023 607 2070 maxime
628 2036 653 2066 a
678 2017 804 2065 malis
829 2018 876 2064 δι
901 2014 1027 2063 falsis.
1096 2013 1290 2070 Inferna,
1330 2031 1435 2077 quae
1459 2015 1562 2072 illis,
1595 2029 1807 2078 apparent
1832 2016 2210 2081 juxtff'ellurem

249 2107 342 2140 nec>
366 2087 705 2138 communicant
749 2099 856 2131 cum
898 2079 1085 2128 Infernis
1132 2081 1357 2127 malorum
1407 2080 1570 2127 nostrae
1608 2081 1822 2138 Telluris,
1870 2087 2090 2134 excausa
2129 2061 2233 2152 quia

248 2156 427 2224 prursus
450 2155 537 2201 alio
556 2152 696 2216 »genio
719 2149 766 2197 &
791 2149 872 2195 alia
894 2147 1045 2195 indole
1068 2145 1199 2203 sunt3
1244 2147 1348 2194 inde
1369 2163 1553 2211 quoque
1577 2149 1692 2194 mala
1725 2148 1774 2194 &
1808 2145 1910 2196 falsa
1933 2150 2114 2200 illorum
2134 2156 2233 2205 sunt

247 2221 505 2288 ex-,pror'sus
540 2220 627 2266 alio
650 2232 824 2281 genere.
1726 2231 1734 2235 ’

323 2305 430 2338 110.
467 2287 567 2346 Qui
596 2297 745 2331 autem
770 2282 876 2328 tales
901 2279 1017 2336 sunt,
1059 2290 1110 2326 ut
1135 2278 1285 2325 salvari
1308 2281 1488 2343 poffint,
1525 2278 1625 2326 sunt
1659 2279 1704 2325 in
1739 2279 1848 2327 locis
1881 2282 2134 2332 vastationis
2183 2304 2232 2336 ac

250 2356 311 2403 ibi
336 2355 390 2402 ad
416 2352 633 2398 ultimum
660 2347 973 2409 desperationis
997 2346 1261 2406 rediguntur
1277 2368 1292 2399 ;
1332 2361 1437 2391 nam
1463 2345 1583 2390 illius
1607 2348 1779 2405 generis
1805 2348 1920 2395 mala
1943 2351 1989 2396 &
2017 2349 2117 2399 falfa
2138 2323 2232 2400 iion

249 2424 373 2470 aliter
395 2418 574 2482 possunt
610 2414 784 2461 domari
819 2413 868 2458 δε
892 2411 1137 2456 removeri:
1185 2424 1291 2455 cum
1329 2410 1375 2456 in
1400 2408 1512 2455 statu
1536 2408 1851 2471 desperationis
1882 2412 1998 2471 sunt,
2039 2417 2232 2466 clamant

249 2487 376 2553 quod
402 2483 549 2531 bestiae
571 2481 671 2536 sint,
709 2478 834 2541 quod
858 2476 1227 2533 abominationeS,
1256 2475 1381 2538 quod
1404 2475 1523 2532 odia,
1558 2475 1690 2521 &ssfic
1713 2477 1837 2540 quod
1860 2478 2088 2529 damnati:
2133 2486 2234 2547 qui·

253 2556 360 2602 dam
389 2565 565 2604 eorum,
604 2546 780 2593 cum'in
805 2543 880 2590 tali
913 2542 1024 2590 statu
1054 2540 1171 2597 sunt,
1212 2543 1348 2588 etiam
1383 2553 1540 2588 contra
1573 2542 1745 2588 coelum
1782 2543 2008 2602 clamant,
2050 2546 2123 2596 sed
2146 2551 2231 2598 hoc

253 2621 340 2667 illis
364 2616 625 2682 ignoscitur,
656 2611 760 2675 quia
782 2625 838 2656 ex
871 2609 1170 2672 desperatione
1191 2629 1204 2662 ;
1243 2608 1469 2654 Dominus
1495 2607 1767 2664 moderatur,
1804 2625 1858 2655 ne
1883 2612 1928 2657 in
1952 2613 2170 2677 vituperia
2190 2615 2232 2662 se

253 2686 489 2745 effundant
507 2681 584 2727 nisi
610 2679 664 2725 ad
690 2677 820 2723 statos
843 2675 1021 2722 limites.
1093 2674 1164 2720 Hi
1204 2688 1310 2719 curn
1351 2685 1550 2720 extrema
1580 2675 1685 2736 paffi
1722 2674 1840 2731 sunt,
1882 2678 1986 2738 quia
2021 2696 2100 2727 cor
2161 2695 2232 2728 rea

254 2765 362 2797 tunc
386 2749 504 2812 apud
530 2747 628 2793 illos
651 2742 773 2807 quasi
799 2753 976 2788 mortua
997 2739 1114 2796 sunt,
1151 2739 1340 2786 demum
1365 2738 1596 2786 salvantur.
1667 2740 1740 2789 De
1764 2740 1830 2787 his
1853 2758 2035 2807 quoque
2057 2747 2231 2794 dictum

255 2817 334 2871 est,
371 2815 513 2877 quod,
549 2828 656 2859 curn
693 2811 739 2855 in
774 2808 848 2855 sua
870 2806 1055 2854 Tellure
1094 2806 1319 2862 vixerunt,
1360 2804 1628 2852 crediderint
1664 2807 1709 2852 in
1742 2809 1968 2869 quendam
2002 2809 2232 2858 summum

258 2882 515 2927 Creatorem
550 2878 712 2939 absque
748 2874 1017 2927 Mediatore‚
1059 2870 1131 2918 sed
1166 2887 1272 2918 cum
1313 2871 1547 2927 salvantur,
1595 2873 1729 2918 etiam
1768 2873 2059 2930 instruuntur,
2104 2877 2232 2937 quod

255 2946 487 2994 Dominus
508 2944 563 2989 fit
587 2944 717 2989 Solus
747 2941 888 2995 Deus,
915 2938 1117 2986 Salvator
1138 2939 1187 2984 δε
1212 2938 1454 2985 Mediator.
1524 2937 1635 2983 Vidi
1658 2938 1874 3000 quosdam
1898 2938 1952 2985 ex‘
1973 2930 2076 2995 illis,
2113 2942 2234 3004 post-

259 3025 399 3078 quam
435 3020 633 3054 extrema
668 3008 772 3068 paffi
798 3005 913 3061 sunt,
954 3003 1144 3061 sublatos
1178 3005 1222 3049 in
1253 3003 1442 3059 coelum,
1485 3004 1532 3050 δε
1557 3019 1663 3049 cum
1700 3004 1761 3049 ibi
1800 3005 1960 3065 recepti
1995 3002 2109 3061 sunt,
2150 3024 2230 3070 ap-

256 3074 438 3190 pensiespi
483 3072 825 3148 teneritudinem
865 3071 1034 3118 laetitiae
1070 3069 1126 3116 ab
1157 3069 1431 3125 illis‘ralem‚
1487 3082 1540 3116 ut
1578 3070 1844 3133 exprimeret
1886 3067 2131 3133 lachrymas
2174 3090 2232 3122 ex

255 3158 342 3196 ocu
422 3154 546 3188 meis.
1598 3152 1600 3154 ’

2158 3205 2230 3259 De
