2502 3432
275 183 357 230 ιο
531 166 642 226 DE
688 158 1296 230 TELLURIBUS
1349 187 1428 231 m
1472 164 1991 233 UNIVERSO.

262 295 437 360 gregati
459 293 577 352 sunt,
614 293 814 344 formant
834 297 958 360 quasi
981 297 1172 361 globum
1199 320 1214 354 ς
1256 298 1317 347 ita
1339 315 1365 346 a
1383 300 1594 360 ¹Domino
1634 298 1976 365 conjunguntur
2014 307 2069 348 ut
2099 293 2258 348 unum*

264 374 415 424 agant,
453 373 594 424 utque
611 364 893 426 cognitiones
908 364 1145 428 cujussibet
1169 367 1566 414 communicentur
1599 383 1706 415 cum
1742 367 1973 422 omnibus,
2011 368 2061 414 ὅτ
2093 369 2267 429 cogni*

263 430 407 474 tiones
430 429 639 474 omnium
665 445 772 476 cum
797 429 1017 492 quolibet,
1055 431 1167 478 ficut
1197 431 1249 478 fit
1274 433 1321 477 in
1350 433 1472 479 coelo
1486 434 1562 488 (l).
1634 435 1780 491 Quod
1804 445 2028 497 vagentur
2051 448 2130 496 per
2152 433 2258 479 uni—

264 493 461 551 versum,
497 507 550 541 ut
570 496 846 558 conquirant,
864 511 1013 543 rerum
1037 499 1336 560 cognitioneS,
1375 498 1601 546 constabat
1627 499 1736 545 mihi
1770 502 1904 547 etiam
1937 515 1993 546 ex
2017 514 2087 555 eo,
2124 497 2257 561 quod'

264 560 418 616 semel,
459 575 569 607 cum
607 577 648 610 a.
674 577 747 608 me
781 561 1033 609 admodum
1072 563 1238 610 remoti
1267 564 1554 626 apparebant,
1597 565 1885 628 loquerentur
1921 565 2024 611 inde
2049 579 2254 618 mecum,

266 628 316 673 ὅτ
355 626 570 682 dicerent,
625 627 752 691 quod
793 643 914 675 nunc
954 629 1215 691 congregati
1255 628 1358 684 sint,
1406 631 1454 675 ὅτ
1495 630 1658 677 vadant
1697 642 1820 678 extra
1859 631 2077 694 sphaeram
2121 628 2257 692 hujus

267 692 430 738 mundi
463 693 510 738 in
533 693 724 739 Coelum
751 691 1026 749 stelliferum,
1058 694 1135 740 ubi
1166 693 1310 740 sciunt
1343 694 1437 740 dari
1463 696 1587 750 tales,
1622 697 1701 758 qui
1733 713 1826 744 non
1858 708 2015 744 curant
2039 694 2254 743 terrestria

263 758 313 804 ὅτ
341 773 570 821 corporea,
612 757 684 804 sed
717 773 783 804 res
818 757 873 804 ab
911 758 998 804 illis
1037 758 1243 815 elevatas,
1285 774 1394 806 cum
1429 761 1594 823 quibus
1635 761 1717 807 effe
1741 762 1916 810 volunta
1988 760 2254 817 Dicebatur,

269 823 395 885 quod
420 838 511 870 non
534 822 670 870 sciant
694 823 774 886 ipsi
799 839 892 887 quo
915 823 1098 881 vadant,
1136 823 1208 871 sed
1232 826 1358 887 quod
1384 841 1440 873 ex
1465 826 1686 889 Auspicio
1710 828 1883 874 Divino
1906 825 2104 875 ferantur
2129 826 2255 882 illue,

263 889 343 935 ubi
380 889 562 951 poffunt
596 888 752 935 instrui
786 890 844 936 de
882 890 1043 937 talibus
1066 906 1172 953 quae
1195 892 1403 939 nondum
1441 892 1601 949 sciunt,
1640 893 1688 939 ὅτ
1714 908 1821 955 quae
1841 908 1948 940 cum
1982 892 2257 955 cognitioni·

263 955 364 1011 bus,
409 967 520 1018 quas
544 954 723 1011 habent,
761 957 1068 1003 conveniunt:
1117 957 1346 1004 dicebatur
1380 959 1534 1015 etiam,
1568 958 1695 1021 quod
1729 975 1811 1005 nec
1853 958 1987 1005 sciant
2020 958 2265 1020 quomodo·

261 1021 497 1068 inveniunt
536 1019 693 1078 socios,
735 1036 842 1069 cum
881 1021 1047 1086 quibus
1083 1021 1446 1086 conjunguntur,
1484 1024 1532 1071 ὅτ
1570 1025 1698 1087 quod
1733 1025 1820 1073 hoc
1859 1039 2042 1088 quoque
2077 1023 2162 1070 fiat
2196 1037 2254 1070 ex

261 1085 484 1150 Auspicio
505 1088 695 1135 Divino.
1722 1137 1724 1139 .

331 1154 404 1199 25.
445 1154 570 1212 Qia
610 1155 670 1200 ita
705 1169 786 1217 per
825 1154 1083 1202 universum
1108 1155 1296 1213 vadunt,
1344 1157 1392 1202 ὅτ
1430 1156 1535 1203 inde
1574 1172 1670 1218 prae
1708 1156 1802 1202 aliis
1838 1155 1943 1202 scire
1982 1155 2166 1217 possunt·
2197 1154 2259 1200 de

262 1219 458 1266 Mundis
483 1220 817 1267 &Telluribus
855 1233 976 1268 extra
1014 1221 1232 1284 sphaeram
1273 1222 1443 1268 Mundi
1479 1221 1614 1269 nostri
1639 1223 1772 1277 Solis,
1813 1222 1985 1268 idcirco
2023 1219 2261 1275 cumzillis'

259 1285 396 1332 etiam
435 1285 493 1332 de
517 1302 566 1332 ea
597 1301 643 1331 re
679 1285 897 1348 loquutus
934 1285 1066 1342 sum;
1107 1286 1317 1333 dicebant
1349 1287 1474 1348 quod
1516 1289 1562 1333 in
1585 1286 1812 1333 Universo
1853 1285 2082 1349 perplures
2120 1283 2263 1334 essent*

258 1351 483 1406 Tellures,
525 1352 574 1397 &
614 1351 676 1397 ibi
714 1351 954 1406 homines3
1002 1353 1050 1398 &
1074 1351 1200 1414 quod
1231 1352 1499 1398 mirarentur
1537 1351 1663 1413 quod
1703 1351 2099 1414 aliqui-putarent,
2138 1364 2275 1412 quos-

259 1418 414 1481 exigui
452 1414 616 1478 judicii
659 1416 864 1463 homines
906 1414 1141 1474 Vocabant,
1189 1416 1380 1464 Coelum
1427 1418 1771 1480 Omnipotentis
1817 1417 1906 1463 Dei
1959 1415 2281 1463 solummodo'

257 1481 454 1529 constare
477 1497 535 1530 ex
559 1481 802 1545 Spiritibus
826 1484 874 1530 ὅτ
900 1483 1093 1546 Angelis
1134 1482 1214 1546 qui
1249 1498 1307 1529 ex
1337 1498 1426 1529 una
1449 1482 1636 1531 Tellure
1667 1483 1870 1537 veniunt,
1914 1498 2020 1529 cum
2062 1481 2252 1528 illitam

256 1549 390 1611 pauci
429 1547 547 1605 sunt,
586 1561 639 1596 ut
677 1547 930 1612 respective
961 1550 1015 1596 ad
1041 1549 1436 1611 Omnipotentiam
1461 1549 1551 1595 Dei
1582 1550 1662 1595 vix
1698 1549 1869 1610 aliquid
1905 1548 2006 1604 fint,
2049 1548 2184 1595 etiam
2218 1547 2254 1594 fi

259 1613 410 1660 forent
450 1614 674 1676 myriades
722 1614 1001 1660 mundorum
1040 1614 1090 1660 ὅτ
1135 1614 1356 1674 myriades
1389 1613 1633 1659 tellurum:
1683 1629 1820 1674 porro
1860 1613 2084 1667 dicebant,
2123 1613 2253 1673 quod

262 1679 399 1727 sciant
421 1679 628 1726 Tellures
668 1679 713 1725 in
750 1678 956 1725 universo
995 1679 1109 1725 ultra
1142 1679 1314 1740 aliquot
1339 1690 1522 1724 centena
1554 1677 1692 1724 millia
1715 1678 1809 1724 dari
1831 1699 1848 1733 3
1891 1678 1940 1724 &
1965 1690 2114 1724 tamen
2138 1677 2251 1740 quid

260 1745 348 1793 hoc
381 1745 686 1793 ad‘Divinum
711 1744 837 1806 quod
862 1744 1115 1791 Infinitum.

323 1827 400 1875 27.
422 1811 631 1875 Spiritus
654 1811 889 1866 Mercurii,
923 1822 1030 1857 curn
1055 1809 1177 1873 apud
1213 1825 1287 1856 me
1309 1810 1460 1865 essent,
1499 1825 1606 1857 cum
1642 1809 1877 1856 scriberem
1900 1809 1948 1856 ὅτ
1972 1808 2254 1871 explicarem

255 1877 638 1940 Verbum'quoad
663 1874 835 1923 sensum
871 1873 965 1938 ejus
1006 1877 1250 1931 internum,
1291 1875 1339 1922 ὅτ
1379 1876 1657 1939 perciperent
1689 1875 1800 1938 quid
1838 1874 2091 1930 scriberem,
2128 1873 2261 1934 dice-3

257 1944 366 1991 bant
396 1950 525 2007 quod
561 1943 634 2001 illa
655 1940 762 2006 quae
786 1941 1021 1990 scriberem
1054 1942 1308 1989 admodum
1349 1942 1483 1988 craffa
1517 1942 1668 1997 essent,
1716 1942 1766 1988 &
1790 1941 1915 2003 quod
1956 1941 2250 2003 exprefliones
2279 1952 2281 1956 ’

259 2025 389 2073 paene
413 2025 571 2057 omnes
606 2010 718 2063 ficut
744 2009 988 2055 materiales
1022 2021 1316 2072 apparerent;
1366 2007 1438 2053 sed
1479 2009 1742 2069 respondere
1780 2006 2143 2067 dabatur,‘quod
2168 2005 2256 2051 ho«

261 2072 404 2123 mines
446 2074 609 2123 nostrae
627 2074 827 2122 Telluris
859 2073 998 2138 usque
1021 2073 1342 2120 videant·haec
1367 2089 1472 2136 quae
1497 2073 1655 2136 scripta
1689 2072 1805 2127 sunt,
1846 2070 2169 2128 ficuthsubtilia
2202 2073 2250 2116 ὅτ

261 2143 448 2200 elevata,
497 2155 696 2205 quorum
735 2141 866 2205 plura
899 2157 989 2188 non
1025 2141 1238 2203 capiunt:
1285 2139 1505 2186 addebam
1543 2139 1668 2201 quod
1692 2138 1840 2201 plures
1880 2139 1925 2183 in
1962 2136 2042 2183 hac
2071 2136 2251 2182 Tellure

259 2223 351 2256 non
394 2208 546 2264 sciant,
592 2208 720 2271 quod
760 2208 964 2255 Internus
1002 2207 1143 2254 homo
1167 2205 1219 2255 sit
1252 2207 1332 2269 qui
1370 2207 1463 2267 agit
1487 2206 1533 2250 in
1557 2205 1830 2259 Externum,
1874 2204 1921 2249 ὅτ
1947 2201 2053 2248 facit
2090 2213 2140 2247 ut
2174 2201 2247 2247 hic

257 2275 400 2331 vivat,
427 2273 803 2337 persuadeantque
828 2272 907 2320 fibi
931 2289 987 2320 ex
1010 2272 1192 2319 fallaciis
1216 2271 1438 2327 sensuum,
1473 2271 1598 2333 quod
1623 2270 1802 2334 corpori
1826 2269 1879 2315 fit
1904 2269 2010 2324 vita,
2046 2268 2094 2314 &
2120 2267 2246 2330 quod

264 2340 370 2386 ideo
403 2339 485 2395 illi,
522 2340 604 2403 qui
631 2340 751 2385 mali
775 2341 824 2385 ὅτ
859 2339 1062 2385 infideles
1100 2337 1218 2393 sunt,
1262 2338 1401 2384 vitam
1435 2336 1536 2399 post
1570 2347 1764 2382 mortem
1800 2336 1846 2381 in
1870 2334 2011 2382 dubio
2043 2346 2244 2396 ponant:

259 2418 365 2452 tum
385 2404 510 2470 quod
536 2420 627 2452 non
651 2414 818 2451 vocent
852 2402 1077 2466 spiritum,
1118 2403 1193 2449 sed
1235 2404 1467 2456 animam,.
1487 2401 1599 2447 illud
1641 2401 1836 2454 hominis
1866 2400 1993 2462 quod
2015 2399 2244 2444 victurum

255 2471 358 2535 post
381 2481 577 2518 mortem
598 2472 832 2535 corporis,
873 2471 923 2517 &
946 2465 1084 2533 quod'
1107 2468 1287 2531 litigent
1320 2468 1432 2531 quid
1463 2467 1626 2522 anima,
1660 2455 1716 2513 ’ὅτ
1752 2466 1935 2528 ubinam
1978 2464 2095 2510 sedes
2132 2462 2253 2527 ejus,

259 2538 550 2602 credantque,
597 2537 727 2601 quod
763 2538 803 2583 ei
844 2551 1009 2599 corpus
1049 2535 1287 2591 materiale,
1334 2533 1506 2581 tametfi
1529 2533 1786 2595 dissipatum
1819 2533 1862 2578 in
1886 2546 2044 2578 omnes
2067 2543 2244 2584 ventos,

259 2607 426 2651 iterum
463 2601 836 2667 conjungendum
861 2603 930 2658 fit,
965 2614 1018 2648 ut
1040 2601 1182 2648 homo
1207 2602 1330 2647 vivat
1354 2601 1527 2654 homo3
1568 2610 1731 2662 praeter
1755 2598 1882 2661 plura
1913 2597 2081 2644 similia.
2121 2596 2244 2642 Cum

258 2670 593 2728 haec'audirent
623 2670 801 2733 spiritus
827 2668 1062 2723 Mercurii,
1104 2667 1365 2730 quaerebant
1398 2681 1452 2714 an
1483 2664 1589 2712 tales
1625 2665 1803 2727 possunt
1828 2664 1997 2726 Angeli
2033 2661 2143 2717 fieri,
2184 2658 2240 2707 ad

261 2750 366 2796 quae
386 2732 653 2799 'respondere
686 2735 848 2782 datum
885 2733 965 2789 est,
1007 2735 1131 2797 quod
1162 2733 1310 2796 angeli
1346 2733 1455 2779 fiant
1488 2733 1567 2795 qui
1593 2733 1637 2776 in
1662 2731 1782 2777 bono
1808 2730 1912 2777 fidei
1950 2732 1995 2775 ὅτ
2022 2726 2240 2774 charitatis

261 2801 487 2856 vixerunt,
526 2801 575 2848 ὅτ
598 2801 723 2864 quod
747 2814 857 2847 tunc
898 2816 989 2848 non
1028 2799 1224 2863 amplius
1258 2801 1303 2845 in
1326 2799 1518 2846 externis
1554 2799 1601 2843 ὅτ
1628 2791 1924 2844 materialibus
1950 2795 2049 2848 sint,
2088 2791 2238 2837 sedin

260 2865 441 2910 internis
476 2868 525 2913 ὅτ
546 2867 881 2929 spiritualibus,
928 2869 973 2912 ὅτ
999 2882 1106 2913 cum
1133 2867 1176 2911 in
1202 2865 1339 2918 illum
1357 2864 1519 2911 statum
1545 2864 1747 2919 veniunt,
1789 2863 1914 2926 quod
1952 2860 2035 2906 sint
2068 2858 2112 2902 in
2137 2855 2236 2900 luce

259 2929 388 2992 supra
410 2929 549 2986 illam,
585 2934 630 2977 in
654 2949 743 2994 qua
765 2932 866 2980 sunt
888 2931 1064 2996 spiritus
1089 2947 1143 2978 ex
1170 2932 1401 2977 Mercurio
1425 2949 1435 2977 ε
1481 2942 1532 2976 ut
1566 2929 1724 2976 scirent
1747 2929 1870 2992 quod
1910 2929 1967 2972 ita
2000 2922 2132 2994 effer,
2157 2922 2236 2994 da-
2283 2955 2288 2957 s

258 2993 387 3041 batur
412 3006 462 3040 ut
487 2996 691 3056 Angelus
714 2999 794 3059 qui
816 3000 863 3044 in
887 2999 1022 3045 Coelo
1061 3014 1086 3044 e
1112 2996 1256 3044 nostra
1282 2997 1454 3052 tellure,
1495 2997 1574 3057 qui
1600 2995 1697 3043 talis
1731 2993 1873 3041 fuerat
1908 3003 2013 3037 cum
2038 2989 2155 3031 Vixlt
2190 3003 2235 3031 ln

258 3059 452 3129 mundo,
490 3074 597 3108 cum
623 3060 708 3107 illis
731 3062 1004 3126 loqueretur,
1042 3063 1098 3111 de
1122 3077 1216 3127 quo
1250 3062 1295 3108 in
1322 3061 1622 3124 sequentibus.
2013 3123 2037 3167 8
2059 3078 2061 3084 ¹
2086 3117 2189 3165 Post

1979 3134 2004 3167 2
2043 3152 2055 3166 .
2192 3133 2241 3166 ea
