2502 3432
560 187 671 263 :Da
711 143 1331 260 trEnLURtssus
1381 204 1455 247 m
1503 180 2018 247 UNIVERsoz
2204 199 2296 291 35·ὸ

300 314 422 372 dein,
447 311 692 378 impr-imis
720 310 942 361 a-finistro
960 311 1114 366 oculo,
1148 316 1204 358 ad
1238 312 1351 361 labia
1371 333 1387 366 ς
1434 313 1481 359 &
1504 327 1612 358 curn
1647 311 1703 360 ad
1729 312 1857 368 labia,
1895 310 2087 359 intrabat
2112 325 2192 374 per
2214 327 2282 368 os,

300 384 349 431 &
373 383 600 444 petav-iam,
633 379 746 424 intra
777 391 862 432 oss
888 377 939 423 &
971 378 1159 440 quidem
1197 394 1276 439 per
1299 377 1484 424 Tubam
1515 376 1880 433 Eustachianam,
1924 381 1968 424 in
1997 378 2283 446 Cerebruqm

297 463 412 498 eum
426 441 602 500 afflatus,
630 443 739 490 illuc
769 443 990 506 pervenit,
1030 456 1140 490 tunc
1174 442 1403 504 loquelam
1435 456 1596 488 eorum
1625 442 1840 497 intellexi,
1877 445 1926 489 δι
1958 443 2087 506 >loqui
2121 443 2280 490 datum

297 511 497 566 estcum
533 511 650 556 illis:
692 507 1000 564 observabam,
1036 525 1145 555 cum
1179 508 1467 571 loquerentur
1491 522 1692 562 mecum,
1734 507 1860 569 quod
1900 509 2013 555 labia
2045 509 2164 570 apud
2207 524 2281 554 me

297 589 603 630 moverentur,
639 576 689 622 ὅτ
726 588 969 636 parumper
1001 577 1137 622 etiam
1172 574 1345 636 lingua,
1382 573 1471 620 hoc
1510 586 1699 634 propter
1735 571 2172 634 correspondentiam
2215 574 2283 620 lo·

297 642 445 706 quelae
485 641 703 688 interioris
733 655 848 687 -cum
884 640 1063 702 loquela
1099 642 1344 691 exteriore:
1392 641 1586 686 exterior
1629 638 1803 700 loquela
1837 638 1901 684 est
1936 638 2028 684 soni
2067 639 2285 685 articulati

299 708 485 756 labentis
522 706 674 754 versus
721 705 1028 753 membranam
1075 708 1191 754 auris
1236 718 1482 760 externam,
1539 706 1589 750 &
1626 704 1789 750 exinde
1837 703 1996 752 mediis
2039 704 2283 766 organulis,

299 773 574 827 membranis
594 774 643 820 δι
667 772 808 827 fibris,
848 787 955 834 quae
978 774 1097 823 intus
1122 773 1167 823 in
1191 788 1310 827 aure,
1343 769 1542 817 aufertur
1579 771 1625 815 in
1649 770 1913 816 Cerebrum.
1985 769 2061 816 Ex
2084 771 2151 816 his
2175 769 2281 818 scire
2339 824 2346 832 .

251 889 254 891 ,
298 841 456 897 datum
482 839 561 895 est,
590 838 716 902 quod
739 837 919 901 loquela
952 838 1202 885 incolarum
1235 839 1399 884 Martis
1430 834 1603 884 diversa
1634 836 1737 883 esset
1771 852 1796 881 a
1824 836 1999 898 loquela
2031 836 2282 882 incolarum

298 903 462 968 nostrae
484 905 699 960 Telluris,
738 903 1050 967 quodnempe
1074 918 1165 951 non
1189 905 1361 959 sonora,
1397 901 1470 949 sed
1496 917 1626 965 paene
1650 903 1798 956 tacita,
1839 901 1879 948 se
1917 903 1963 948 in
1998 902 2205 948 auditum
2231 902 2282 947 δε

299 971 448 1019 visum
481 971 740 1017 interiorem
774 986 854 1032 per
892 969 1141 1016 breviorem
1184 971 1306 1016 viam
1342 969 1599 1022 infinuans3
1639 968 1689 1014 δι
1728 969 1835 1030 quia
1870 968 1983 1022 talis,
2023 969 2150 1032 quod
2186 983 2287 1030 per-

301 1036 458 1084 feffior
494 1036 615 1091 effer,
662 1035 838 1099 pffinior
869 1035 979 1083 ideis
1014 1037 1317 1098 cogitationis,
1375 1036 1434 1081 ita
1479 1035 1667 1097 propius
1705 1034 1919 1080 accedens
1962 1035 2018 1080 ad
2057 1033 2283 1097 loquelam

213 1158 226 1166 s
297 1101 535 1165 spirituum
560 1103 608 1148 &
632 1101 895 1173 angelorum
913 1124 928 1155 ;
968 1101 1061 1164 ipsa
1091 1103 1226 1148 etiam
1249 1100 1442 1164 loquelae
1464 1101 1642 1147 affeffio
1674 1100 2011 1163 repraesentatur
2032 1100 2154 1164 apud
2180 1100 2282 1146 illos

299 1169 347 1215 in
370 1166 587 1223 facie,‚.,&
609 1182 705 1228 ejus
726 1168 947 1229 cogitatio
981 1170 1027 1214 in
1050 1167 1192 1214 oculis
1210 1190 1227 1223 3
1274 1183 1377 1215 nam
1414 1168 1630 1229 cogitatio
1665 1166 1714 1212 &
1740 1159 1945 1228 loquela,=
1973 1179 2073 1212 tum
2109 1165 2288 1212 affeetio

299 1233 351 1280 &
374 1231 525 1288 facies,
549 1233 671 1294 apud
694 1233 794 1280 illos
819 1248 962 1279 unum
986 1247 1160 1295 agunt;
1201 1246 1410 1296 reputant
1433 1248 1518 1296 pro
1541 1230 1708 1279 nefario
1728 1232 1850 1278 aliud
1874 1233 2070 1294 cogitare
2094 1233 2142 1279 ἃ
2169 1230 2289 1278 aliud

302 1299 445 1360 loqui,
481 1314 531 1345 ac
553 1299 674 1344 aliud
697 1298 810 1344 velle
843 1300 893 1346 δε
924 1299 1047 1345 aliud
1069 1297 1180 1345 facie
1207 1299 1435 1346 ostendere
1456 1321 1471 1352 ς
1518 1315 1607 1344 non
1634 1297 1777 1345 sciunt
1799 1298 1911 1360 quid
1937 1297 2199 1360 hypocrisis,
2238 1312 2288 1343 ac

304 1363 417 1426 quid
439 1362 662 1408 simulatio
694 1361 974 1409 fraudulenta
1008 1364 1057 1410 ὅτ
1082 1363 1229 1409 dolus.
1300 1363 1445 1422 Quod
1479 1363 1576 1408 talis
1605 1363 1782 1424 loquela
1813 1365 1950 1409 etiam
1990 1363 2126 1410 fuerit
2150 1365 2289 1410 Anti·

305 1429 525 1492 quiffimis
558 1430 603 1474 in
641 1427 786 1474 nostra
808 1428 1011 1484 Tellure,
1044 1444 1124 1491 per
1162 1429 1544 1475 conversationem
1584 1443 1691 1473 cum
1721 1427 1989 1489 quibusdam
2029 1444 2085 1475 ex
2117 1429 2289 1474 illis-in

306 1496 439 1543 altera
463 1495 556 1542 vita
578 1494 735 1541 datum
759 1493 822 1540 est
855 1493 995 1549 scire·‚
1036 1508 1176 1557 utque
1211 1495 1310 1541 haec
1332 1510 1399 1541 res
1434 1494 1701 1548 elucidetur,
1742 1494 1846 1540 licet
1881 1492 2042 1540 referre
2076 1510 2183 1557 quae
2213 1510 2291 1544 au.-

306 1562 403 1614 dita
439 1559 556 1615 suut,
595 1574 703 1621 quae
740 1559 841 1609 sunt
881 1559 1120 1622 sequentia,
1177 1565 1212 1587 “
1235 1559 1476 1606 Ostensum
1510 1559 1574 1605 est
1599 1560 1718 1605 -mihi
1754 1574 1833 1621 per
1864 1559 2108 1615 influxum,
2153 1575 2293 1623 quem

303 1625 613 1679 f⁶2.describere
629 1639 721 1669 non
742 1624 937 1685 possum,
977 1624 1123 1686 qualis
1160 1624 1340 1685 loquela
1361 1623 1504 1674 fuerat
1538 1624 1625 1669 illis
1658 1625 1742 1685 qui
1773 1624 1831 1670 ab
1855 1626 2179 1687 Antiquissima
2201 1626 2295 1672 Ec·

303 1697 343 1742 ξ*
364 1689 494 1738 clesia
505 1688 610 1751 (gg)
631 1707 644 1736 2
682 1688 811 1751 quod
823 1704 997 1751 nempe
1025 1705 1117 1735 non
1140 1689 1386 1744 articulata,
1425 1689 1538 1739 sicut
1561 1688 1739 1751 loquela
1759 1705 1933 1736 vocum
1956 1690 2092 1737 nostri
2116 1705 2295 1755 tempo-

309 1763 344 1784 “
368 1757 446 1811 ris,
476 1754 549 1803 sed
574 1756 724 1808 tacita,
746 1770 852 1816 quae
873 1754 1006 1802 fiebat
1029 1771 1120 1802 non
1137 1770 1223 1817 ‚per
1246 1755 1578 1818 respirationem
1599 1767 1828 1802 externam
1849 1755 1921 1802 sed
1947 1772 2025 1819 per
2049 1758 2291 1813 internam,

310 1822 431 1870 “ita
465 1834 559 1868 erat
591 1820 771 1883 loquela
801 1821 1073 1883 cogitativa;
1114 1823 1397 1884 appercipere
1433 1825 1568 1869 etiam
1607 1822 1767 1880 datum
1807 1821 1887 1879 est,
1932 1823 2078 1886 qualis
2111 1823 2295 1871 illorum

312 1894 353 1938 *ἦ
368 1886 599 1949 ‚respiratio
622 1888 794 1934 interna
812 1885 930 1940 fuit·,
974 1887 1102 1950 quod
1127 1888 1380 1950 processerit
1402 1888 1459 1935 ab
1477 1886 1698 1945 umbilico
1721 1887 1871 1935 versus
1903 1904 1999 1945 cor,
2040 1889 2090 1936 &
2123 1890 2184 1936 sic
2218 1907 2299 1954 per

310 1959 344 1982 “
368 1951 674 2015 labia'absque
707 1952 867 2000 sonoro
900 1968 1007 2000 cum
1042 1953 1373 2016 loquebantur·,
1408 1957 1455 2001 δι
1479 1953 1606 2017 quod
1646 1969 1739 2011 non
1779 1955 2009 2013 intraverit
2041 1957 2089 2002 in
2118 1956 2301 2004 alterius

306 2025 348 2073 f‘f
371 2030 524 2071 aurem
547 2030 627 2081 per
649 2019 775 2071 viam
804 2029 1052 2075 externam,
1087 2021 1137 2066 &
1162 2019 1403 2084 pulsaverit
1436 2022 1483 2068 in
1515 2020 1770 2083 quoddam,
1809 2022 1945 2084 quod·
1968 2033 2156 2069 vocatur
2178 2016 2302 2085 tym'ss

309 2091 350 2140 ⁷5}
372 2099 541 2147 panum
566 2085 699 2137 auris,
733 2083 920 2148 sedper
942 2086 1064 2133 viam
1100 2086 1327 2148 quandam
1369 2088 1607 2143 internam,
1650 2088 1700 2134 δε
1723 2087 1911 2149 quidem
1951 2104 2032 2150 per
2063 2089 2299 2151 quoddam

309 2156 350 2185 =“
372 2151 451 2208 ibi,
489 2149 616 2213 quod
655 2163 841 2198 vocatur
876 2151 1010 2200 hodie
1033 2153 1171 2200 Tuba
1193 2153 1499 2200 Eustachiana.
1572 2152 1832 2209 Ostensum,
1878 2154 2004 2216 quod
2039 2170 2121 2217 per
2160 2154 2297 2202 talem

316 2216 599 2280 “loquelam
627 2217 777 2264 multo
805 2217 980 2279 plenius
1014 2219 1246 2280 potuerint
1283 2222 1535 2283 exprimere
1570 2218 1690 2266 sensa
1719 2220 1860 2266 animi
1893 2221 1942 2268 &
1984 2220 2103 2267 ideas
2127 2222 2301 2283 cogita·

319 2287 354 2330 “,
376 2283 530 2337 tionis,
564 2298 703 2345 quam
738 2282 928 2345 usquam
952 2283 1048 2330 fieri
1078 2284 1225 2346 potest
1258 2301 1338 2346 per
1377 2285 1505 2332 sonos
1544 2286 1800 2332 articulatos
1834 2297 1909 2332 aut
1932 2301 2067 2332 voces
2105 2286 2301 2340 sonoras,

319 2352 483 2408 ἔθραξε
503 2348 684 2409 ,loquela
706 2348 905 2397 similiter
928 2348 1140 2406 dirigitur
1158 2365 1235 2409 per
1257 2351 1607 2410 respirationem,
1646 2349 1719 2393 sed
1743 2362 1993 2403 externam,
2033 2365 2138 2394 nam
2180 2350 2304 2396 nulla

310 2416 351 2462 .ξέ
373 2426 468 2456 vox
486 2411 570 2464 est,
602 2412 703 2461 imo
740 2425 823 2457 nec
859 2409 1105 2470 quicquam
1131 2413 1175 2456 in
1203 2425 1333 2466 voce,
1369 2427 1477 2472 quae
1501 2428 1591 2458 non
1631 2412 1844 2472 dirigitur
1878 2428 1958 2474 per
1980 2413 2299 2475 applicationes

321 2474 704 2536 “respiratiOni33
746 2473 818 2521 sed
843 2473 965 2536 apud
988 2475 1090 2521 illos
1115 2475 1264 2522 multo
1293 2475 1553 2538 perfeffius,
1585 2478 1694 2539 quia
1716 2491 1794 2538 per
1815 2477 2143 2539 respirationem
2168 2471 2305 2529 inter-

324 2547 358 2569 “
381 2556 506 2596 nam,
542 2555 649 2602 quae
669 2539 776 2601 quia
809 2541 991 2587 interior
1011 2543 1146 2587 etiam
1178 2539 1415 2603 perfectior
1449 2542 1528 2598 est,
1564 2543 1612 2589 &
1636 2542 1740 2604 ipsis
1770 2543 1880 2589 ideis
1904 2545 2189 2606 cogitationis
2222 2562 2304 2610 apr

324 2613 358 2636 “
384 2604 635 2669 plicabilior
666 2621 718 2652 ac
741 2604 1052 2661 conformior3
1097 2608 1262 2669 praeter
1282 2609 1415 2655 etiam
1440 2624 1518 2671 per
1541 2608 1763 2654 labiorum
1788 2609 2108 2667 motiuncula&
2131 2613 2182 2659 &
2200 2607 2305 2666 cor-

325 2678 358 2701 “
382 2670 692 2734 respondentes
716 2670 839 2723 faciei
865 2674 1167 2727 mutationes·,
1210 2690 1332 2730 nam,
1371 2675 1588 2736 quoniam
1611 2673 1830 2733 Coelestes
1867 2675 2072 2723 homines
2103 2675 2303 2737 fuerunt,

327 2744 359 2767 “
385 2737 601 2801 quicquid
640 2737 910 2799 cogitabant,
947 2739 1033 2785 hoc
1072 2755 1097 2785 e
1135 2737 1244 2787 facie
1278 2743 1325 2787 &
1364 2740 1505 2787 oculis
1543 2755 1702 2787 eorum
1742 2740 1960 2798 elucebat,
1997 2758 2104 2805 quae
2123 2740 2305 2792 consor·

326 2811 363 2833 “
385 2805 519 2851 miter
555 2804 851 2859 variabantur,
888 2801 1022 2850 facies
1061 2807 1211 2866 quoad
1253 2804 1448 2853 formam
1481 2805 1729 2852 secundum
1767 2807 1913 2867 vitam
1946 2807 2211 2867 affee‘tioni3‚
2252 2813 2305 2859 &

327 2876 362 2899 “
386 2870 507 2916 oculi
548 2870 697 2932 quoad
738 2869 925 2924 lucem3
970 2869 1188 2932 nusquam
1226 2883 1470 2934 potuerunt
1509 2871 1646 2918 aliurn
1683 2873 1866 2919 vultum
1899 2872 2125 2937 praeferre,
2164 2891 2306 2939 quam

284 2956 287 2959 ·
325 2937 364 2963 “
387 2932 632 2982 secundum
671 2935 744 2982 illa
767 2951 874 2999 quae
897 2936 1185 2998 cogitabant:
1233 2938 1338 2999 quia
1374 2937 1459 2984 illis
1491 2938 1669 3000 loquela
1690 2936 1776 2985 fuit
1799 2954 1879 3002 per
1910 2942 2133 2989 internam
2168 2941 2304 3006 respi-

306 3010 308 3013 '
328 3005 363 3028 “
386 3002 621 3067 rationem,
655 3017 762 3063 quae
782 3000 846 3048 est
866 3000 1000 3064 ipsius
1022 3000 1199 3063 spiritus
1221 3002 1435 3059 hominis,
1471 3004 1573 3065 ideo
1597 3020 1703 3051 cum
1739 3005 1904 3067 angelis
1927 3018 2174 3070 potuerunt
2195 3025 2306 3056 con-

330 3069 365 3120 ξ*
385 3066 574 3124 sortium
622 3066 777 3115 habere
819 3068 867 3116 δε
906 3066 1086 3131 loqui.''
1158 3067 1404 3181 Κεῖρίτέἰο
1450 3069 1690 3134 spirituum
1737 3071 1899 3120 Martis
1940 3073 2075 3123 etiam
2123 3089 2306 3122 mecum

1397 3151 1422 3184 2
1531 3169 1540 3184 .
1739 3174 1756 3194 ,
2187 3156 2315 3189 com-
