2514 3516
241 235 333 314 54
511 228 630 295 -Dz
660 230 1279 331 ‘TE-LL-tJmssus
1318 253 1407 299 m
1439 214 1969 301 UNIVERsoq

229 355 708 410 facies-foeminarum
729 360 837 410 vifae
871 359 972 411 sunt
997 363 1208 426 propius,
1246 373 1379 410 erunt
1415 363 1561 429 plenae
1589 365 1639 413 δε
1662 366 1877 429 pulchrae.
1949 362 2048 414 Viri
2082 362 2220 416 etiam

227 427 318 472 *vili
353 428 469 482 sunt,
509 442 668 475 eorum
690 426 821 476 facies
844 441 968 476 erant
991 429 1139 476 colore
1162 429 1359 480 humano
1390 445 1564 488 carneo,
1613 432 1721 478 ficut
1746 434 1790 479 in
1831 431 1977 479 nostra
2000 432 2183 479 Tellure
2201 447 2226 489 ς

237 490 444 538 sed-cum
468 492 731 550 differentia,
776 495 902 557 quod
926 493 1107 542 inferior
1119 510 1225 557 pars
1249 493 1372 542 faciei
1395 507 1548 544 eorum
1575 497 1675 545 loco
1700 498 1847 544 barbae
1881 499 1983 546 esset
2007 500 2148 561 nigra,
2167 500 2219 546 δε

228 557 368 604 nasus
397 557 501 620 plus
535 560 669 607 niveo
704 559 861 607 ‘colore
897 576 1035 623 quam
1077 575 1249 607 carneo.
1322 561 1477 609 Postea
1498 563 1702 626 Spiritus,
1739 565 1818 626 qui
1853 577 1905 610 ut
1940 565 2131 619 dictum,
2175 567 2233 611 in*

231 623 420 671 mundo
441 621 584 685 fuerat
607 626 892 689 praedicator,
929 625 1254 688 perducebatur
1295 626 1495 683 ulterius,
1527 628 1605 675 ‘sed
1644 630 1803 684 invito,
1847 631 1950 691 quia
1990 629 2136 675 adhuc
2173 632 2220 677 in

226 690 901 752 cogitatione-illiusfoeminae,
942 706 1029 754 qua
1062 691 1374 748 delectabatur,
1417 706 1525 749 erat,
1555 693 1677 757 quod
1704 696 1880 757 patebat
1918 711 1972 741 ex
2006 711 2060 741 eo
2094 695 2221 758 quod

242 755 380 817 usque
415 756 583 818 aliquid
605 757 793 804 umbrae
813 771 869 801 ex
892 756 970 803 illo
1001 769 1231 818 appareret
1247 774 1249 776 ·
1265 758 1309 803 in
1333 760 1470 822 priori
1493 760 1625 814 loco,
1673 761 1878 806 veniebat
1910 773 2017 807 tunc
2041 761 2095 806 ad
2121 760 2235 821 illos,

244 823 327 882 qui
351 822 479 867 Nudi
504 834 658 869 erant:
705 821 856 868 hi·vis1
889 820 992 869 sunt
1013 820 1107 869 bini
1133 822 1305 870 &bini
1342 825 1618 872 ambulantes
1650 840 1753 879 una,
1796 838 1917 872 erant
1953 827 2136 872 maritus
2171 827 2222 872 δε

234 901 377 941 ωεστ,
417 887 551 934 cincti
573 889 794 935 velamine
832 888 1004 935 circum
1043 889 1239 945 lumbos,
1285 905 1336 936 ac
1369 890 1569 953 quodam
1607 890 1805 951 tegmine
1839 891 2012 937 circum
2051 898 2235 954 caput:⁴

244 951 436 1013 Spiritus
460 952 550 1009 ille,
565 968 682 1000 cum
706 952 825 1017 apud
845 955 926 1000 hos
944 965 1051 1010 erat,
1076 954 1400 1017 perducebatur
1422 955 1468 1002 in
1485 955 1666 1011 statum,
1689 956 1734 1001 in
1755 970 1848 1017 quo
1872 953 1958 1002 fuit
1981 957 2022 1002 in
2051 958 2227 1004 mundo

231 1031 352 1063 ⁴eum
372 1016 508 1065 vellet
540 1020 798 1082 praedicare,
831 1019 881 1067 ἃς
917 1032 1028 1066 tunc
1064 1021 1194 1076 dixit,
1234 1021 1356 1083 quod
1382 1036 1534 1068 coram
1574 1021 1659 1067 illis
1691 1020 1827 1067 vellet
1862 1021 2102 1083 praedicare
2125 1023 2225 1068 Do-

245 1084 428 1141 minum
449 1084 738 1140 crucifixum,
770 1084 850 1132 .sed
874 1084 1083 1132 dicebant
1104 1086 1230 1148 quod
1266 1102 1356 1133 non
1379 1087 1546 1133 vellent
1578 1087 1730 1133 audire
1753 1086 1854 1141 tale,
1893 1088 1998 1148 quia
2025 1086 2239 1148 nesciunt⁴

230 1148 485 1211 quidhoc,
518 1151 568 1197 &
584 1151 716 1213 'quod
733 1149 875 1197 ‘sciant
898 1151 1022 1213 quod
1049 1151 1278 1198 Dominus
1301 1153 1454 1199 vivat:
1502 1150 1640 1215 ajebat
1665 1164 1790 1207 tunc,
1835 1153 1960 1214 quod
1983 1152 2227 1213 praedicare

245 1213 380 1261 vellet
397 1216 653 1262 Dominum
674 1216 857 1273 vivum,
898 1215 971 1263 sed
995 1216 1082 1264 hoc
1104 1232 1287 1279 quoque
1317 1215 1586 1272 recusabant,
1628 1217 1824 1263 dicentes
1862 1217 1988 1279 quod
2021 1219 2225 1280 apperci-

245 1291 402 1342 petent
437 1280 684 1344 iia-loquela
722 1285 818 1343 ejus
841 1297 933 1329 non
956 1281 1152 1336 coeleste,
1192 1283 1298 1343 quia
1335 1282 1535 1327 multum
1561 1293 1743 1343 propter
1778 1280 1835 1336 se,
1877 1281 1941 1327 sui
1973 1279 2139 1328 famam
2176 1283 2224 1329 &

246 1346 482 1400 honorem,
513 1347 572 1392 1&
594 1346 719 1408 quod
756 1345 939 1391 audiant
971 1361 1027 1391 ex
1060 1344 1157 1407 ipso
1179 1345 1288 1392 sono
1322 1346 1517 1408 loquelae
1555 1360 1668 1391 num
1703 1360 1760 1392 ex
1795 1346 1949 1401 corde,
1987 1346 2059 1392 vel
2098 1361 2225 1402 non;

235 1411 296 1456 δε
317 1412 424 1472 quia
453 1410 574 1466 talis,
614 1409 742 1472 quod
778 1425 870 1457 non
908 1410 1068 1458 docere
1111 1425 1186 1457 eos
1211 1410 1403 1472 ‘poffet;
1449 1421 1724 1473 quapropter
1754 1410 1928 1457 tacebat
1948 1427 1975 1466 :—
2006 1409 2147 1458 fuerat
2179 1413 2241 1459 in*

237 1476 440 1532 mundo,
479 1491 588 1523 cum
629 1476 761 1532 vixit,
810 1476 1007 1523 maxime
1051 1476 1316 1538 patheticuS,
1374 1476 1434 1523 fic
1468 1488 1520 1523 ut
1557 1491 1775 1539 perquam
1818 1492 1999 1523 movere
2031 1479 2229 1539 potuerit

234 1540 470 1589 auditores
494 1542 550 1588 ad
574 1541 804 1597 sanctum3
846 1540 922 1589 sed
942 1541 1219 1605 patheticum
1245 1542 1357 1589 illud
1381 1540 1522 1590 fuerat
1545 1554 1635 1590 arte
1658 1540 1941 1605 acquisitum,
1982 1543 2042 1590 ita
2064 1558 2089 1590 a
2111 1542 2152 1590 se
2175 1544 2226 1591 δε

236 1622 274 1654 ιε
288 1608 490 1662 mundo,
531 1609 580 1654 &
602 1624 692 1655 non
716 1624 741 1655 e
764 1607 919 1655 coelo.>
997 1632 1002 1634 >

322 1673 426 1735 163.
463 1672 686 1719 Dicebant
725 1689 878 1735 porro,
917 1671 1046 1735 quod
1083 1672 1418 1735 perceptionem
1462 1671 1665 1726 habeant,
1712 1686 1825 1718 num
1862 1669 2129 1735 Conjugiale
2172 1673 2227 1721 fit

249 1740 371 1801 apud
397 1738 497 1784 illos
518 1753 573 1784 ex
596 1737 670 1786 sua
692 1750 826 1800 gente
848 1739 927 1801 qui
951 1737 1062 1784 nudi
1085 1738 1216 1792 sunt;
1256 1737 1306 1783 δε
1329 1736 1641 1783 ostendebatur
1663 1737 1790 1799 quod
1827 1737 1873 1783 id
1899 1739 2147 1800 percipiant
2168 1755 2241 1802 ex*

243 1805 353 1851 ⁴idea
373 1802 585 1866 spirituali
608 1803 666 1851 de
687 1801 936 1866 Conjugio‚
959 1818 1065 1866 quae
1089 1817 1268 1850 mecum
1294 1804 1628 1849 communicata
1650 1814 1742 1849 erat
1765 1802 1879 1859 talis,
1903 1815 1954 1849 ut
1977 1803 2247 1853 fimilitudo'

252 1870 515 1918 interiorum
537 1869 641 1916 effet
673 1866 864 1916 formata
899 1883 978 1932 per
1011 1867 1374 1932 conjunctionem
1398 1867 1504 1914 boni
1528 1869 1576 1915 &
1599 1869 1710 1924 veri,
1747 1868 1811 1915 ita
1845 1869 2007 1915 amoris
2030 1870 2079 1916 ὅτ,
2102 1869 2228 1928 fidei,

252 1937 303 1982 &
323 1934 455 1997 quod
491 1950 548 1981 ex
579 1935 656 1982 illa
684 1932 1002 1998 conjunctione
1025 1935 1246 1981 defluente
1287 1935 1331 1980 in
1368 1949 1533 1996 corpus
1570 1933 1723 1980 existat
1760 1949 1890 1981 amor
1924 1932 2190 1997 conjugialis
2210 1951 2250 1993 ς·

247 2016 359 2048 nam
376 2001 536 2047 *omnia
557 2016 664 2064 quae
685 2001 827 2047 animi
846 1999 962 2057 sunt,
1003 1999 1215 2047 sistuntur
1238 2001 1284 2046 in
1307 1999 1454 2062 aliqua
1478 1998 1618 2061 specie
1641 1999 1827 2046 naturali
1853 2001 1898 2046 in
1930 2015 2134 2062 corpore,
2169 2003 2230 2049 ita

250 2066 301 2114 in
334 2065 475 2130 specie
508 2067 672 2113 amoris
698 2065 984 2129 conjugialiS,
1034 2081 1143 2113 cum
1184 2066 1390 2112 interiora
1436 2064 1634 2111 duorum
1675 2065 1716 2112 se
1763 2077 1927 2116 mutuo
1964 2077 2132 2121 amant,
2179 2067 2231 2113 δε

245 2147 438 2196 -quoque
459 2148 517 2180 ex
539 2148 691 2180 amore
714 2132 793 2180 illo
815 2132 1061 2179 desiderant
1082 2131 1196 2178 velle
1229 2132 1279 2178 &
1301 2132 1498 2193 cogitare
1536 2145 1652 2176 unus
1688 2130 1798 2176 ficut
1831 2129 1957 2186 alter,
1997 2131 2056 2176 ita
2078 2130 2231 2192 quoad

251 2199 464 2246 interiora
498 2214 604 2261 quae
640 2199 803 2248 mentis
839 2197 972 2246 fimul
1010 2197 1092 2246 effe
1130 2197 1180 2244 &
1213 2194 1467 2259 conjungi;
1514 2196 1619 2242 inde
1653 2195 1828 2242 affectio
1867 2194 2102 2257 spiritualis
2125 2211 2232 2259 quae

250 2266 478 2311 mentium
504 2265 558 2311 fit
580 2264 788 2312 naturalis
810 2265 856 2311 in
878 2279 1083 2328 corpore,
1125 2278 1176 2310 ac
1210 2263 1357 2309 induit
1396 2261 1436 2307 se
1476 2259 1598 2308 sensu
1634 2262 1796 2308 amoris
1831 2259 2119 2323 conjugialis:
2166 2260 2233 2308 af-

255 2328 391 2376 festio
412 2329 647 2391 spiritualis
667 2345 775 2391 quae
810 2331 1034 2376 mentium
1068 2327 1131 2375 est
1153 2328 1328 2374 affeciio
1351 2327 1456 2373 boni
1497 2328 1546 2373 &
1571 2328 1682 2382 veri,
1718 2342 1768 2373 ac
1797 2324 2124 2389 conjunctionis
2154 2343 2232 2374 eo-

256 2410 381 2449 rum,
419 2408 526 2441 nam
548 2394 704 2440 omnia
727 2394 910 2448 mentis,
937 2393 1012 2439 seu
1033 2392 1318 2453 cogitationis
1341 2393 1391 2436 ὅτ
1412 2390 1683 2445 voluntatis,
1706 2391 1747 2436 se
1768 2389 1965 2436 referunt
1993 2392 2046 2437 ad
2072 2393 2251 2438 verum'

257 2461 308 2507 ac
333 2459 520 2507 bonum.
587 2458 813 2507 Dicebant
834 2459 987 2514 etiam,
1025 2457 1152 2521 quod
1176 2455 1353 2519 prorsus
1377 2470 1470 2501 non
1503 2452 1754 2517 conjugiale
1791 2454 1925 2501 detur
1957 2456 2070 2502 inter
2083 2471 2235 2503 unum

254 2527 408 2572 virum
426 2526 480 2572 ἃ
504 2524 651 2589 plures
675 2539 852 2581 uxores,
890 2524 1106 2587 quoniam
1130 2519 1396 2585 conjugium
1422 2520 1527 2568 boni
1550 2522 1599 2568 δι
1622 2521 1732 2576 veri,
1756 2521 1892 2583 quod
1906 2519 1969 2567 est
1993 2522 2231 2584 mentium,

253 2606 350 2639 non
373 2589 520 2638 dabile
553 2591 615 2637 est
637 2606 774 2654 quam
807 2592 924 2637 inter
943 2590 1090 2637 binos.
2247 2596 2250 2599 ’

335 2660 441 2717 164.
478 2656 654 2703 Deinde
676 2655 878 2703 veniebat
900 2656 1110 2719 Spiritus,
1143 2653 1204 2701 de
1226 2668 1321 2717 quo
1360 2651 1504 2715 supra,
1544 2651 1599 2698 ad
1623 2650 1721 2698 illos
1743 2651 1824 2714 qui
1859 2663 1982 2699 erant
2015 2653 2126 2699 nudi
2162 2651 2236 2700 sed

251 2738 448 2785 acorpore
471 2723 782 2770 inflammato:
821 2723 871 2768 δε
894 2721 1059 2768 ultimo
1076 2720 1134 2768 ad
1160 2720 1261 2766 illos
1282 2719 1363 2782 qui
1387 2719 1521 2780 nigri,
1560 2732 1758 2780 quorum
1783 2718 1920 2781 aliqui
1950 2730 2071 2764 erant
2105 2717 2233 2780 nudi,

261 2789 398 2850 aliqui
417 2787 597 2835 vestiti:
640 2787 717 2835 sed
741 2788 787 2834 hi
813 2788 862 2834 &
885 2787 951 2833 illi
979 2787 1084 2834 alibi
1117 2788 1163 2832 in
1194 2785 1351 2833 eadem
1375 2784 1561 2841 Tellure
1583 2782 1867 2831 habitabant:
1914 2782 2090 2846 spiritus
2111 2783 2234 2830 enim

262 2866 498 2900 momento
521 2853 665 2917 potest
687 2853 798 2900 duci
837 2856 884 2901 in
918 2854 1062 2900 diffi-ta
1081 2851 1294 2907 Telluris,
1333 2851 1550 2912 quoniam
1586 2865 1678 2895 non
1713 2849 2005 2912 progreditur
2025 2849 2075 2895 &
2098 2847 2236 2894 fertur

256 2916 372 2965 ficut
395 2918 533 2964 horno
565 2935 645 2982 per
660 2918 800 2983 spatia
822 2917 896 2965 sed
920 2934 999 2982 per
1022 2918 1290 2965 mutationes
1314 2915 1465 2970 status,
1493 2915 1597 2961 vide
1616 2915 1744 2978 supra
1766 2932 1794 2961 n
1814 2933 1825 2962 :
1850 2931 1903 2963 12
1910 2931 1954 2975 5.
1985 2929 2075 2975 127
2092 2915 2158 2970 (ss
2159 2912 2199 2965 ).

335 2983 438 3044 155.
474 2984 677 3030 Demum
697 2985 911 3047 loquutus
933 2985 1033 3031 sum
1054 2999 1164 3031 cum
1187 2982 1412 3045 spiritibus
1434 2981 1555 3027 illius
1576 2981 1772 3027 Telluris
1795 2980 1853 3026 de
1875 2979 1966 3025 fide
1988 2976 2236 3023 incolarum

257 3046 428 3095 nostrae
448 3047 644 3093 Telluris
671 3050 732 3094 ‹de
752 3049 1107 3106 Resurrectione,
1147 3047 1275 3111 quod
1299 3063 1390 3094 non
1415 3048 1579 3108 poffint
1600 3048 1849 3109 concipere,
1883 3042 2006 3105 quod
2031 3041 2235 3090 homines

256 3112 410 3159 statim
437 3110 535 3172 post
558 3125 751 3158 mortem
787 3116 831 3159 in
864 3116 1046 3161 alteram
1083 3114 1222 3160 vitam
1259 3114 1458 3166 veniant,
1491 3112 1541 3157 δε
1565 3123 1674 3158 tunc
1700 3118 1936 3172 appareant
1957 3118 2009 3152 ut
2032 3106 2235 3155 homines

253 3177 414 3243 quoad
436 3174 629 3242 isaciem,
663 3190 849 3239 corpus,
887 3179 1080 3237 brachia,
1121 3179 1272 3240 pedes,
1316 3177 1366 3224 ὅτ
1394 3175 1546 3237 quoad
1579 3191 1737 3223 omnes
1772 3172 1913 3221 sensus
1941 3183 2147 3246 externos
2185 3173 2251 3220 ὅτ·

287 3267 419 3275 ‚„.
1050 3270 1053 3271 ν
2006 3250 2232 3294 moemoe3
