2508 3432
285 176 412 225 102
630 178 744 222 na
833 179 1088 223 Nova
1170 161 1940 228 Hinnosotvua

275 283 458 334 anim-is,
495 290 628 342 quare
655 282 756 337 illis,
792 282 853 329 est
878 297 1031 347 pugna
1056 298 1134 347 per
1155 282 1288 340 bona,
1324 300 1384 332 n:
1418 283 1555 332 1668.
1587 284 1728 347 8963.
1800 282 1943 347 Qod
1984 284 2069 341 illi,
2102 284 2182 348 qui
2214 284 2271 335 ab

273 346 467 393 Ecclelia
506 345 714 408 spirituali
753 348 869 405 sunt,
907 351 1209 413 utplurimum
1252 366 1343 398 non
1384 363 1588 415 pugnent
1626 367 1682 397 ex
1706 350 1820 396 veris
1856 351 2082 412 genuinis,
2118 352 2189 399 sed
2213 368 2270 409 eit

271 413 356 457 illis
392 428 500 474 quse
532 415 675 460 credit
701 424 802 462 vera
834 416 919 463 effe
951 429 1010 463 ex
1048 416 1285 464 doetrinali
1319 415 1409 464 suae
1432 417 1680 473 Ecclefiae;
1716 416 1842 479 quod
1867 413 2109 465 doctrinale
2134 414 2271 482 usque

274 477 357 523 tale
381 479 464 524 effe
489 479 638 545 debet,
677 494 728 527 ut
751 479 971 546 conjungi
994 495 1131 546 queat
1154 487 1292 538 bono,
1330 499 1357 529 n
1377 500 1388 530 ε
1413 483 1557 547 6765.

342 545 489 601 Quod
512 546 592 608 qui
617 559 915 610 regeneratur,
953 551 1217 597 tentationes
1257 547 1481 596 subiturus
1518 549 1588 606 111,
1624 549 1671 597 &
1695 547 1819 612 quod
1844 546 2004 612 absque
2028 548 2112 596 illis
2145 565 2271 614 rege-

275 612 415 657 nerari
443 623 647 675 nequeat,
686 629 744 659 n:
774 617 916 678 5036.
944 631 1090 677 5403.
1159 615 1225 663 Et
1262 614 1391 678 quod
1416 616 1707 663 Tentationes
1747 615 1849 662 ideo
1889 615 2133 664 necessariae
2170 615 2271 672 sint,

276 693 338 722 n:
368 691 508 738 7olo.
580 679 724 744 Qod
768 681 924 736 homo,
959 682 1040 743 qui
1078 692 1377 744 regeneratur,
1424 693 1531 729 tunc
1573 684 1618 728 in
1662 682 1927 729 tentationes
1964 682 2128 739 veniat,
2163 697 2273 730 cum

275 744 450 789 malum
474 758 661 792 conatur
683 746 906 792 dominari
929 745 1059 809 super
1083 746 1275 803 bonum,
1314 762 1364 794 ac
1390 747 1597 795 naturalis
1634 747 1790 796 horno
1815 745 1944 810 super
1980 746 2272 811 spiritualem,

273 824 303 854 n
330 826 341 856 :
369 809 511 871 6857.
542 809 683 874 8961.
754 812 816 858 Et
839 812 965 875 quod
991 813 1036 858 in
1059 812 1153 860 illas
1178 814 1343 870 veniat,
1381 829 1487 860 cum
1529 814 1702 862 bonum
1745 812 1880 860 debet
1918 828 2048 876 agere
2087 816 2272 877 primas,

273 891 302 921 n
330 893 340 922 :
367 878 513 935 4248.
538 893 684 939 4249.
711 881 855 939 4256.
886 879 1029 942 8962.
1057 880 1200 943 8963.
1272 879 1414 937 Quod
1455 879 1537 937 illi,
1582 881 1661 943 qui
1701 892 2033 943 regenerantur,
2070 881 2273 943 primum

275 942 320 987 in
358 942 521 989 statum
557 944 888 1006 tranquillitatis
930 947 1183 1002 mittantur,
1219 945 1324 993 dein
1363 948 1408 993 in
1449 947 1728 1003 tentationes,
1777 947 1825 993 ὅτ
1867 945 1993 1007 quod
2037 945 2187 1008 postea
2226 946 2272 992 in

278 1006 445 1057 statum
466 1010 794 1073 tranquillitatis
817 1012 938 1076 pacis
963 1012 1158 1067 redeant,
1193 1012 1272 1077 qui
1292 1012 1355 1060 est
1380 1012 1456 1060 fini
1528 1030 1588 1060 n:
1617 1011 1758 1076 3696.

350 1088 455 1139 ¹99·
491 1076 761 1124 ‘Tentationes
782 1078 886 1142 quid
905 1078 1002 1125 boni
1024 1077 1221 1140 efficiunt.
1281 1079 1414 1144 Qid
1512 1081 1732 1127 ntationes
1754 1075 1972 1133 efficiunt,
2009 1076 2054 1124 in
2080 1075 2273 1135 summa,

275 1155 304 1186 n
331 1157 342 1187 :
374 1140 513 1204 1692.
548 1154 685 1205 1717.
717 1159 859 1206 1740.
887 1144 1030 1205 6144.
1060 1146 1184 1208 8958
1212 1145 1267 1190 ad
1296 1146 1442 1209 8969.
1510 1145 1655 1207 Qod
1681 1159 1759 1206 per
1783 1143 2049 1189 tentationes
2072 1145 2274 1205 acquira-

272 1209 348 1252 tur
385 1206 646 1255 dominium
688 1208 902 1274 spirituali
943 1211 1014 1258 seu
1049 1211 1227 1258 interno
1262 1210 1437 1257 homini
1474 1208 1603 1274 super
1637 1208 1884 1256 naturalem
1919 1207 1994 1255 seu
2017 1219 2272 1264 externum,

271 1270 592 1336 consequenter
631 1275 754 1323 bono
794 1275 925 1339 super
965 1276 1158 1333 malum,
1193 1291 1244 1324 ac
1280 1291 1390 1323 vero
1428 1275 1558 1339 super
1597 1273 1775 1331 falsum,
1811 1274 2027 1338 quoniam
2063 1273 2108 1319 in
2147 1270 2274 1336 spiri·

272 1337 378 1384 tuali
421 1340 603 1389 homine
638 1341 701 1389 est
742 1341 936 1399 bonum,
973 1359 1077 1390 nam
1114 1341 1276 1406 absque
1321 1358 1378 1391 eo
1422 1357 1514 1389 non
1548 1341 1629 1398 est,
1677 1342 1726 1389 δε
1767 1342 1813 1388 111
1856 1337 2042 1387 1131111311
2080 1337 2272 1396 mamm,

272 1419 334 1451 n:
357 1406 498 1468 8961.
569 1407 805 1472 Qoniam
843 1411 1028 1456 tentatio
1065 1408 1128 1456 est
1164 1424 1323 1472 pugna
1361 1409 1475 1455 inter
1511 1407 1604 1463 illa,
1639 1406 1744 1454 inde
1775 1407 1924 1470 agitur
1957 1405 2015 1452 de
2049 1402 2275 1462 dominio,

271 1478 436 1532 nempe
477 1485 590 1518 num
635 1473 688 1519 sit
722 1474 936 1535 spirituali
976 1475 1152 1520 homini
1187 1473 1319 1534 super
1356 1473 1618 1526 naturalem.
1651 1472 1844 1534 proinde
1863 1487 1976 1519 num
1998 1468 2124 1518 bono
2145 1469 2276 1534 super

271 1535 463 1593 malurn,
499 1548 576 1584 aut
615 1539 827 1594 viciffim,
866 1538 1068 1602 proinde.
1096 1552 1210 1586 num
1252 1537 1306 1585 fit
1344 1538 1553 1594 Domino
1592 1536 1721 1600 super
1759 1538 2012 1592 hominem,
2047 1533 2120 1583 vel
2159 1551 2272 1585 num

271 1599 464 1659 inferno,
502 1618 531 1650 11
559 1621 569 1650 :
603 1616 690 1667 192
699 1622 743 1667 3.
772 1607 916 1666 3928.
985 1605 1134 1663 Qod
1156 1605 1386 1650 Externus
1410 1603 1483 1650 seu
1508 1603 1718 1649 naturalis
1742 1603 1884 1648 homo
1906 1618 1987 1663 per
2008 1603 2275 1650 tentationes

272 1667 456 1730 recipiat
478 1668 1002 1731 veracorrespondentia
1024 1667 1248 1715 affectioni
1270 1683 1429 1714 eorum
1454 1668 1500 1713 in
1524 1668 1706 1714 Interno
1731 1666 1803 1713 seu
1828 1665 2043 1728 spirituali
2066 1666 2268 1723 homine,

271 1748 303 1780 n
323 1750 335 1780 :
364 1750 390 1796 3
399 1747 507 1796 321.
529 1735 673 1797 3928.
744 1734 889 1798 Qod
912 1735 1121 1781 Internus
1144 1733 1378 1796 spiritualis
1402 1733 1543 1779 homo
1567 1747 1647 1795 per
1670 1732 1934 1779 tentationes
1952 1731 2190 1794 aperiatur,
2221 1733 2271 1780 ὅτ.

271 1796 575 1862 conjungatur
595 1814 705 1847 cum
727 1799 950 1856 Externo,
986 1810 1039 1846 ut
1062 1800 1206 1847 horno
1228 1799 1379 1862 quoad
1404 1811 1651 1860 utrumque
1686 1797 1848 1844 elevari
1883 1799 2033 1861 poffit,
2069 1797 2119 1844 δι
2144 1797 2268 1861 spec-

270 1876 362 1912 tare
398 1866 455 1913 ad
489 1866 773 1930 Dominum,
809 1882 878 1926 n:
909 1865 1080 1929 10865.
1145 1865 1291 1913 ‹Causa
1331 1865 1456 1928 quod
1497 1865 1704 1911 Internus
1745 1863 1979 1926 spiritualis
2016 1862 2158 1911 homo
2192 1880 2272 1928 per

270 1933 535 1980 tentationes
571 1932 622 1980 ὅτ
661 1934 881 1996 aperiatur
917 1933 969 1980 δι·
1008 1930 1311 1995 conjungatur
1344 1947 1452 1978 cum
1478 1930 1699 1986 Externo‚
1734 1929 1798 1977 est
1819 1931 1926 1994 quia
1947 1930 2180 1978 Dominus
2214 1930 2271 1978 ab

273 1998 472 2045 interiori
506 1999 616 2062 agit,
652 2014 703 2046 30
739 1999 887 2047 influit
923 1996 1030 2045 inde
1060 1999 1110 2045 in
1134 1997 1409 2054 Externum,
1443 2012 1494 2044 ac
1519 2008 1722 2044 removet
1745 1996 1808 2043 ibi
1831 1996 1883 2043 ὅτ
1905 1993 2115 2059 subjugat
2136 1995 2268 2054 mala,

275 2079 328 2111 ac
351 2079 459 2112 cum
483 2064 570 2112 illis
593 2063 771 2129 subjicit
791 2066 840 2113 δε
864 2063 1126 2113 subordinat
1147 2080 1253 2111 eum
1278 2065 1476 2120 Interno,
1514 2080 1571 2110 n:
1597 2063 1717 2113 1068
1725 2079 1770 2124 5.
1796 2069 1801 2074 ’

338 2130 486 2196 Qod
522 2133 817 2180 Tentationes
854 2132 940 2181 sint
978 2142 1164 2195 propter
1200 2128 1569 2194 conjuntfitionem
1610 2129 1719 2175 boni
1757 2127 1806 2175 &
1843 2127 1954 2183 veri,
1991 2127 2042 2174 &
2079 2139 2269 2190 propter

271 2195 583 2246 discussionem
621 2197 834 2247 falsorum
865 2198 1192 2246 adhaerentium
1215 2200 1333 2244 veris
1367 2199 1417 2244 &
1449 2195 1604 2251 bonis,
1640 2210 1671 2241 11
1697 2211 1708 2242 t
1734 2208 1882 2257 4572.
1949 2193 2018 2240 Ita
2039 2191 2165 2255 quod
2189 2207 2271 2258 per

270 2265 535 2312 tentationes
570 2263 875 2329 conjungatur
914 2265 1086 2314 bonum
1123 2265 1258 2321 veris,
1293 2279 1323 2312 n
1349 2281 1361 2310 2
1392 2277 1535 2326 2272.
1607 2259 1754 2324 Qod
1778 2258 1874 2306 vasa
1896 2259 2153 2322 recipientia
2174 2258 2271 2308 veri

269 2342 354 2393 per
377 2332 642 2379 tentationes
666 2332 970 2389 emolliantur,
1006 2347 1058 2379 ac
1093 2331 1283 2380 induant
1317 2329 1482 2376 statum
1518 2326 1761 2389 recipiendi
1800 2324 1992 2380 bonum,
2029 2341 2056 2371 n
2084 2343 2095 2372 :
2123 2326 2267 2389 3318.

270 2395 419 2455 Quod
444 2411 550 2444 vera
571 2398 621 2445 ὅτ
646 2398 763 2445 bona
785 2413 864 2461 per
885 2399 1151 2445 tentationes
1174 2395 1502 2443 confirmentur
1523 2395 1572 2439 ὅτ
1598 2390 1938 2455 implantentur,
1975 2391 2035 2437 ita
2056 2390 2132 2437 illa
2160 2405 2267 2452 quae

269 2460 375 2509 fidei
399 2463 448 2510 &
472 2463 694 2510 charitatis
729 2462 846 2517 sunt,
883 2479 914 2510 n
938 2481 950 2510 1
982 2466 1124 2526 8351.
1155 2465 1299 2526 8924.
1327 2459 1469 2526 8966.
1497 2458 1640 2523 8967.
1709 2457 1774 2505 Et
1802 2456 1928 2519 quod
1953 2455 2070 2501 mala
2093 2456 2142 2502 δε
2166 2453 2268 2505 13113

270 2542 605 2586 removeantur,
643 2531 691 2576 ὅτ,
728 2528 786 2576 110
825 2529 950 2577 locus
989 2529 1121 2576 detur
1155 2529 1286 2575 bonis
1318 2528 1369 2574 &
1393 2526 1524 2582 veris,
1561 2541 1617 2572 n:
1641 2539 1782 2587 7122.
1853 2521 1997 2586 Qod
2022 2537 2102 2584 per
2124 2533 2267 2571 tenta-

270 2594 414 2641 tiones
450 2594 752 2659 infringantur
788 2610 964 2644 amores
1003 2590 1067 2642 sui
1106 2595 1157 2642 &
1194 2593 1375 2649 mundi,
1408 2608 1466 2639 ex
1503 2590 1668 2654 quibus
1706 2588 1861 2637 omnia
1901 2587 2019 2634 mala
2057 2589 2106 2635 &
2144 2586 2262 2646 salsa,

269 2675 335 2707 n:
363 2661 507 2724 5356.
578 2663 642 2710 Et
678 2662 803 2726 quod
840 2662 900 2710 fic
937 2663 1078 2710 horno
1111 2660 1390 2716 humilietur,
1427 2674 1493 2706 n:
1523 2656 1664 2722 8966.
1693 2653 1833 2719 8967.
1906 2653 2053 2717 Qod
2077 2653 2194 2701 111313
2214 2655 2267 2703 δι

270 2722 372 2773 13113
395 2743 474 2790 per
496 2730 761 2777 tentationes
794 2729 1056 2786 domentur,
1090 2727 1360 2792 separentur,
1394 2726 1444 2773 &
1469 2734 1803 2779 removeantur,
1841 2720 1914 2767 sed
1946 2735 2038 2766 non
2068 2720 2264 2768 abolian-
2360 2756 2362 2758 ψ

270 2801 363 2848 tur,
398 2809 427 2839 11
447 2812 458 2841 :
481 2795 590 2844 868.
660 2795 808 2861 Qod
847 2812 927 2860 per
965 2795 1227 2843 tentationes
1267 2793 1512 2840 domentur
1550 2805 1778 2854 corporea,
1814 2787 1863 2834 ὅτ
1898 2802 2058 2834 00111111
2098 2801 2266 2834 concu-

269 2856 514 2921 piscentiae,
550 2877 580 2906 n
599 2879 610 2909 ι
630 2865 738 2924 857.
766 2865 876 2925 858.
948 2861 1095 2927 Qod
1119 2860 1262 2909 homo
1285 2875 1365 2924 per
1388 2859 1481 2906 illas
1518 2856 1653 2904 discat
1674 2855 1787 2919 quid
1813 2854 1985 2902 bonum
2009 2853 2060 2899 δε
2082 2866 2265 2909 verum,

268 2924 408 2971 etiarn
444 2940 501 2971 ex
539 2926 747 2975 relatione
787 2929 843 2975 ad
882 2945 913 2977 o
947 2929 1101 2994 posita,
1137 2943 1243 2992 quae
1278 2926 1379 2974 sunt
1419 2924 1536 2973 mala
1569 2924 1618 2972 ὅτ,
1656 2921 1776 2978 falsa,
1815 2938 1875 2968 1¹³
1902 2919 2045 2983 5355·
2116 2918 2260 2978 QOd

264 2990 405 3038 etiarn
430 2989 582 3047 discat,
618 2994 743 3055 quod
766 2995 886 3056 apud
927 3012 951 3043 e
975 3010 1067 3043 non
1092 2993 1249 3043 fitnifi
1271 3008 1408 3058 quarn
1435 2991 1624 3047 malurn,
1661 2991 1709 3037 &
1733 2988 1858 3052 quod
1892 2999 2028 3033 omne
2066 2981 2259 3042 bonum,

268 3056 398 3120 quod
421 3057 715 3123 apudvillum‚
750 3059 802 3109 111
823 3076 848 3108 3
869 3061 1095 3119 Domino,
1129 3062 1179 3110 &
1201 3077 1258 3110 ex
1284 3053 1424 3124 [psius
1447 3055 1774 3113 Misericordia,
1809 3071 1839 3102 n
1862 3071 1873 3102 :
1895 3069 1921 3102 2
1926 3069 1952 3117 3
1961 3067 2040 3116 34.
2116 3115 2169 3173 Q
2230 3114 2264 3163 d

2170 3131 2227 3162 uo
