2632 3516
1224 136 1252 143 κ

560 249 659 324 :sn
692 247 771 324 ω’
820 251 947 320 ε”ο
986 261 1047 320 R
1083 261 1106 321 1
1143 261 1190 319 Ρ
1229 258 1291 319 Τ
1324 247 1381 318 n
1420 260 1482 319 R-
1517 258 1577 318 A
1646 258 1686 316 s
1722 259 1972 342 A-cm
2004 261 2090 321 Α,
2245 284 2312 333 ³1

329 397 518 452 ninam,
547 392 614 443 ita
645 390 901 444 accendunt
932 388 1013 440 fibi
1046 381 1270 440 lucernam
1287 389 1347 437 ad
1367 386 1622 435 ulteriorem
1643 384 1948 452 progress‘um3
1979 386 2213 452 postquam
2233 404 2312 441 au-

330 475 422 510 tem
450 470 712 522 comparata
745 455 811 506 est
840 454 1087 516 marina,
1122 454 1174 504 δι
1194 454 1258 503 fic
1278 451 1466 502 aceensa
1489 453 1694 508 lucema,
1728 467 1786 500 ex
1805 453 1878 502 illa
1902 454 2062 504 vident
2085 455 2313 505 Verbum.

326 526 397 575 Illi
425 536 601 581 autem,
635 524 711 587 qui
731 536 822 572 non
843 533 1108 584 comparant
1126 519 1208 568 fibi
1227 516 1491 582 Doetrinam
1506 554 1524 576 ,
1542 515 1737 579 primum
1754 516 1978 585 inquirunt
2001 534 2107 569 num
2127 520 2310 571 Doetri-

326 606 396 644 na,
406 592 465 639 ab
499 589 599 643 aliis
619 587 726 636 data
739 625 753 645 ,
788 586 840 636 ἀ
871 602 900 636 a
929 586 1158 635 communi
1178 596 1296 633 coetu
1316 594 1523 645 recepta,
1559 594 1664 629 curn
1686 581 1850 629 Verbo
1873 585 2146 645 concordet,
2179 585 2230 637 ἀ
2249 586 2309 636 ad

324 656 396 707 illa
422 653 845 718 quae-concordant,
879 647 1183 708 consentiunt,
1216 647 1267 697 ἀ
1285 647 1344 696 ad
1365 648 1439 696 ina·
1458 661 1557 710 quae
1574 645 1988 710 nonponcordaut,
2023 649 2312 711 dissentiunt,-

326 721 389 768 im
408 720 463 768 fit
491 720 572 768 illis
593 719 670 768 fira
695 716 941 775 Dofihina,
972 715 1025 765 ἃ
1051 730 1134 779 per
1166 711 1431 762 Doarinam
1453 712 1529 760 lira
1549 711 1698 760 Fides.
1731 710 1937 762 Sedhoc
1954 712 2008 760 fit
2026 713 2166 762 solum
2189 718 2309 779 apud

325 786 426 838 illos
435 819 461 845 ‚
490 785 567 849 qui
587 799 679 833 non
698 780 897 831 distraffl
918 797 947 830 a
962 780 1155 844 negotiis
1173 777 1333 827 mundi
1343 777 1521 840 pofl‘unt
1540 777 1720 834 videre,
1754 776 1830 834 hi,
1862 775 1896 825 fi
1918 789 2070 827 amant
2086 793 2194 828 vera
2207 783 2311 844 quia

326 864 438 900 vera·
460 850 557 899 sunt
587 848 639 898 ἃ
670 848 842 897 faciunt
869 847 942 896 illa
969 846 1068 895 usus
1089 845 1230 904 vitae‚·
1255 844 1303 893 in
1322 841 1609 892 illustratione
1631 841 1730 890 sunt
1751 857 1779 891 a
1800 843 2029 894 Domino:
2062 845 2218 909 reliqui
2237 849 2324 910 quiz

327 915 373 964 in
391 914 537 978 aliqua
562 915 659 963 vita
678 913 778 962 sunt
794 910 1042 961 secundum
1055 926 1161 959 vera
1172 946 1188 969 ,
1220 908 1396 971 pofl'unt
1412 909 1472 958 ab
1490 907 1572 956 illis
1592 907 1776 956 discere.

390 983 467 1028 σο.
502 979 782 1027 Contrarium
807 977 869 1028 fit
884 977 991 1033 iuis,
1027 976 1104 1040 qui
1129 990 1188 1024 ex
1205 974 1411 1022 doetrina
1432 973 1656 1036 religionis
1673 971 1794 1022 salsae
1818 973 1971 1036 legunt
1990 973 2224 1035 Verbum,
2258 975 2311 1026 ἃ,

324 1045 422 1106 plus
447 1043 530 1097 illis
562 1044 637 1106 qui
668 1041 935 1103 Dostn'nam
961 1041 1087 1090 illam
1114 1055 1174 1089 ex
1204 1040 1368 1086 Verbo
1400 1038 1694 1097 confirmant,
1728 1036 1780 1087 &
1817 1052 1925 1089 tunc
1946 1037 2143 1101 speetant
2164 1041 2222 1090 ad
2245 1041 2318 1092 sui·

323 1108 512 1170 gloriam
539 1119 619 1157 aut
648 1108 713 1156 ad·
736 1107 891 1156 mundi
920 1116 1055 1168 opes:
1087 1103 1206 1168 apud
1235 1103 1318 1151 hos
1340 1119 1498 1152 verum
1514 1103 1662 1152 Verbi
1681 1102 1748 1152 est
1766 1102 1878 1154 ficut
1898 1106 1945 1155 in
1961 1105 2118 1154 umbra
2138 1105 2309 1164 noffis,

318 1172 375 1226 §a
399 1171 555 1219 falsum
577 1171 687 1220 ficut
706 1171 753 1219 in
773 1172 871 1220 luce
889 1170 1014 1228 ὀξεῖς
1036 1171 1188 1233 legunt
1204 1184 1390 1228 verum,
1422 1168 1499 1217 sed
1518 1182 1608 1216 non
1631 1168 1788 1217 vident
1807 1169 1942 1225 illud,
1976 1168 2027 1218 &
2046 1169 2079 1218 fi
2105 1173 2319 1221 umbram-t

322 1237 417 1299 ejus
444 1236 626 1294 vident,
660 1234 895 1285 falsificant
922 1234 1059 1292 inach
1091 1234 1188 1284 sunt
1218 1234 1296 1290 hi,
1330 1234 1390 1281 de
1418 1233 1576 1297 quibus
1595 1235 1826 1283 Dominus
1845 1233 2004 1291 dicit„
2040 1234 2165 1300 Quod
2181 1238 2311 1285 oculos

324 1302 495 1347 habeant
529 1299 585 1354 ὅ*
616 1315 693 1348 non
718 1301 906 1359 videant,
942 1297 999 1353 ὃ·
1030 1301 1129 1362 quod
1156 1314 1276 1347 aures
1308 1295 1364 1351 ἐξ
1384 1314 1461 1345 non
1479 1298 1736 1360 intelligant,
1770 1299 1943 1348 Matth.
1962 1298 2092 1348 xm.
2115 1315 2188 1359 14.
2217 1317 2322 1361 ις’,

324 1380 430 1413 nam
456 1364 563 1413 nihil
582 1365 700 1413 aliud
727 1377 927 1414 occaecat
949 1364 1180 1412 hominem
1194 1399 1210 1421 ‚
1243 1378 1376 1425 quam
1392 1362 1630 1424 'proprium
1653 1364 1774 1426 ejus,
1806 1362 1857 1412 δι
1877 1363 2164 1414 confirmatio
2184 1365 2314 1427 fa1fi;

324 1431 552 1493 proprium
570 1429 761 1478 hominis
785 1428 851 1486 est
868 1444 996 1491 amor
1015 1429 1104 1488 sui,
1137 1427 1188 1476 δι
1211 1427 1316 1475 inde
1337 1426 1474 1474 fastus
1493 1428 1684 1488 propriae
1703 1428 2036 1491 intelligentiae;
2068 1445 2125 1478 ac
2142 1431 2310 1486 confir·

324 1495 476 1548 matio·
493 1494 587 1543 falfi
615 1493 682 1542 est
709 1493 866 1556 caligo
889 1494 1109 1543 mentiens
1135 1492 1311 1551 lucem3
1339 1493 1414 1540 lux
1435 1492 1607 1540 horum
1621 1490 1687 1540 est
1706 1507 1832 1542 mere
1851 1494 2088 1553 naturaliS,
2111 1493 2163 1543 δε
2191 1495 2312 1544 visus

324 1559 500 1607 illorum
522 1558 589 1607 est
605 1557 716 1606 ficut
737 1559 927 1608 videntis
946 1561 1088 1607 larvas
1106 1559 1157 1606 in
1172 1558 1347 1606 umbra.
2309 1579 2314 1582 ⁴

389 1627 468 1670 61.
501 1624 672 1672 Datum
694 1621 762 1671 est
777 1624 896 1684 loqui
909 1638 1021 1674 cum
1040 1623 1189 1672 multis
1204 1621 1543 1685 post-mortem,
1574 1621 1651 1684 qui
1669 1621 1954 1671 crediderunt
1975 1622 2021 1671 se
2044 1621 2152 1671 ficut
2171 1622 2314 1673 stellae.

323 1688 532 1735 lucituros
549 1687 595 1736 in
612 1687 751 1745 caelo,
785 1687 888 1751 quia
901 1724 915 1744 ,
949 1700 997 1735 ut
1014 1688 1243 1746 dixerunt,
1277 1685 1477 1735 sanetum
1494 1686 1743 1739 habuerunt
1774 1689 2007 1746 Verbum,
2028 1687 2182 1748 saepius
2201 1704 2305 1753 pet-

323 1753 524 1815 legerunt
541 1752 675 1812 illud,
709 1754 834 1815 plura
852 1752 958 1803 inde
978 1754 1278 1816 collegerunt,
1311 1766 1392 1813 per
1407 1765 1508 1813 quae
1526 1749 1637 1803 fidei
1658 1749 1980 1816 suaedogmata
2003 1753 2305 1804 confirmave-

323 1829 451 1874 runt,
485 1815 536 1865 δι
569 1833 648 1879 per
675 1818 722 1865 id
754 1817 800 1865 in
829 1819 999 1866 mundo
1029 1831 1077 1868 ut
1098 1815 1222 1866 doffi
1251 1815 1463 1866 celebrati
1499 1814 1619 1874 sunt,
1651 1829 1708 1864 ex
1730 1831 1820 1878 quo
1858 1818 2104 1867 credebant
2134 1819 2178 1867 se
2207 1821 2314 1869 Mi-

325 1881 505 1930 chaeles
538 1880 588 1930 ἀ
613 1881 869 1944 Raphaeles
897 1882 1091 1932 fumros:
1110 1881 1185 1931 sed
1205 1883 1350 1945 plures
1367 1896 1425 1930 ex
1444 1879 1534 1929 illis
1555 1881 1775 1943 explorati
1796 1881 1894 1930 sunt
1908 1919 1923 1939 ,
1957 1898 2016 1932 ex
2038 1898 2125 1945 quo
2147 1899 2305 1933 amore

322 1945 580 2000 studuerunt
606 1946 796 2005 Verbo,
828 1962 885 1996 ac
907 1947 1105 2006 inventi,
1137 1947 1256 2011 quod
1285 1947 1419 2010 aliqui
1445 1961 1502 1994 ex
1527 1960 1683 1994 amore
1703 1945 1792 2005 sui,
1827 1959 1875 2005 ut
1895 1949 2046 2011 magni
2066 1948 2112 1996 in
2134 1951 2321 1998 mundo*

323 2023 661 2125 iipffifflm*
634 2009 1546 2141 ⁶3.¹{5⁰553¹3²²;‚‘5253¹33305225‘ffit¹¹
1556 2012 2162 2140 ’qfflssqisszssssssssxeizssffie
2176 2030 2308 2128 ἓξὲξ

323 2153 501 2202 pertum
529 2140 624 2199 est,
659 2142 780 2205 quod
808 2114 1040 2194 inde'nihil
1061 2144 1243 2208 genuini
1266 2143 1361 2191 veri
1387 2141 1574 2199 scirent,
1610 2141 1683 2189 sed
1707 2142 1847 2189 modo
1868 2146 1982 2196 tale,
2020 2143 2140 2206 quod
2165 2158 2305 2191 voca-

322 2215 395 2252 tm·
421 2221 576 2259 verum
605 2206 917 2266 falsificatum,
950 2209 1071 2271 quod
1103 2208 1151 2259 in
1174 2208 1218 2256 se
1244 2205 1311 2254 est
1345 2206 1501 2254 falsum
1512 2222 1529 2264 ;
1562 2204 1613 2253 &
1640 2204 1810 2253 dietum
1842 2205 1910 2254 est
1926 2207 2037 2263 illis,
2070 2206 2190 2267 quod
2211 2207 2307 2257 hoe

321 2268 403 2318 inis
423 2269 529 2320 effet
550 2287 607 2318 ex
633 2272 787 2328 causa,
822 2275 925 2333 quia
946 2273 1026 2333 ips1
1047 2274 1095 2321 ἃ
1113 2271 1299 2319 mundus
1325 2271 1503 2317 fuerunt
1518 2268 1655 2326 fines,
1679 2270 1753 2319 seu
1773 2270 1891 2331 quod
1913 2271 2035 2317 idem
2056 2270 2120 2317 est
2133 2307 2148 2330 ,
2169 2286 2300 2320 amo·

323 2347 420 2390 ret,
451 2334 503 2381 ἃ
532 2349 622 2379 non
652 2335 877 2380 Dominus
902 2335 952 2382 ἃ
974 2338 1141 2381 -caelum
1156 2369 1170 2389 ‚
1202 2334 1254 2381 ἃ
1276 2349 1380 2381 cum
1403 2333 1483 2394 ipss
1504 2334 1553 2379 ὅ(
1573 2334 1762 2380 mundus
1783 2333 1880 2381 sunt
1903 2333 2036 2392 fines,
2072 2347 2313 2385 tunccunz

322 2398 475 2459 legunt
508 2397 741 2453 Verbum,
774 2397 911 2445 haeret
938 2413 1063 2445 mens
1094 2399 1265 2446 illorum
1299 2398 1346 2445 in
1366 2395 1513 2458 seipsis
1532 2394 1582 2443 ἃ
1611 2399 1657 2444 in
1679 2397 1868 2455 mundo,
1906 2397 2078 2446 &inde
2098 2401 2307 2462 cogitant

317 2461 486 2524 jugiter
505 2476 561 2509 ex
582 2461 659 2509 suo
679 2461 886 2522 proprio,
920 2462 1039 2525 quod
1063 2462 1107 2509 in
1131 2461 1319 2522 caligine
1337 2459 1402 2509 est
1415 2460 1566 2524 quoad
1589 2462 1740 2508 omnia
1756 2477 1853 2523 quae
1870 2463 1965 2510 caeli
1985 2461 2109 2521 sunt3
2140 2465 2187 2512 in
2207 2481 2313 2527 quo*v

321 2524 436 2573 statu
463 2541 554 2574 non
584 2524 732 2588 potest
759 2525 898 2574 homo
928 2543 955 2574 a
983 2526 1186 2576 Domino
1212 2526 1394 2574 subduci
1422 2541 1478 2586 ex
1508 2525 1712 2588 proprio,
1748 2525 1796 2575 δι
1819 2525 1883 2574 fic
1897 2527 2065 2575 elevari
2087 2529 2132 2577 in
2152 2530 2315 2580 lucem-

322 2590 447 2648 caeli,
481 2590 667 2653 proinde
696 2606 786 2639 nec
816 2593 1007 2654 aliquem
1036 2591 1254 2641 influxum
1275 2607 1301 2639 a
1321 2591 1525 2639 Domino
1548 2605 1629 2652 per
1648 2591 1806 2640 caelum
1833 2593 2047 2653 recipere.
2119 2593 2231 2643 Vidi
2251 2611 2299 2644 ee·

320 2656 429 2702 tiam
454 2655 535 2704 hos
555 2656 601 2704 in
618 2656 775 2704 caelum
795 2656 1027 2714 admissos,
1062 2670 1107 2704 at
1126 2673 1230 2705 cum
1251 2656 1314 2704 ibi
1335 2655 1507 2705 inventi
1527 2655 1624 2704 sunt
1657 2656 1776 2719 quod
1798 2655 1962 2720 absque
1983 2657 2099 2706 veris
2125 2658 2301 2719 effent,

321 2719 483 2782 dejeffl
504 2721 629 2779 sunt3
659 2721 736 2768 sed
756 2721 890 2784 usque
911 2721 1117 2770 remansit
1138 2722 1256 2785 apud
1276 2722 1374 2770 illos
1389 2720 1525 2769 fastus
1541 2757 1555 2776 ,
1590 2721 1708 2784 quod
1734 2721 1985 2769 meruerint.
2038 2723 2184 2772 Aliter
2203 2724 2314 2773 fac-

321 2797 417 2832 tum
446 2783 512 2833 est
538 2800 642 2834 cum
666 2786 771 2844 illis,
803 2786 878 2847 qui
902 2785 1157 2835 studuerunt
1181 2787 1340 2835 Verbo
1361 2802 1417 2834 ex
1440 2785 1681 2834 affeffione
1702 2786 1866 2834 sciendi
1885 2788 2062 2835 Verum
2093 2788 2198 2850 quia
2229 2788 2314 2838 esti

320 2849 525 2906 Verum,
556 2849 608 2898 δε
628 2852 729 2914 quia
748 2851 928 2899 inservit
952 2851 1096 2900 ufibus
1123 2852 1231 2900 vitae
1244 2885 1259 2909 ,
1291 2866 1382 2898 non
1403 2852 1542 2899 modo
1559 2851 1671 2910 suae,
1704 2851 1782 2899 sed
1801 2851 1934 2898 etiam
1957 2853 2177 2914 proximi,
2199 2854 2312 2904 isson-

320 2914 416 2962 vidi
448 2917 647 2963 elevatos
676 2916 723 2963 in
753 2917 945 2974 Caelum,
978 2916 1029 2965 δι
1061 2916 1123 2964 fic
1150 2917 1197 2964 in
1228 2917 1374 2964 lucem
1402 2916 1447 2964 in
1471 2931 1559 2980 qua
1582 2914 1648 2964 est
1678 2916 1897 2965 Divinum
1920 2917 2097 2966 Verum
2119 2918 2211 2979 ibi,
2244 2918 2301 2969 ἅ

323 2979 450 3094 ῗέιιξ
483 2992 590 3028 tunc
622 2981 839 3031 exaltatos
878 2982 924 3031 in
957 2980 1219 3047 sapientiam
1250 2981 1528 3045 angelicam,
1561 2979 1614 3032 δι
1649 2980 1698 3033 in
1738 2979 2000 3032 felicitatem
2039 2983 2162 3047 eJus,
2201 2999 2306 3049 quae

386 3058 503 3096 2vxta
515 3059 691 3095 aeterna.

2155 3242 2294 3307 Quod
