2508 3432
562 144 888 199 amadus
938 124 1403 187 Doc‘rasNA
1450 122 1923 186 (3031111311.
2143 138 2228 203 57

279 295 282 298 .
317 251 465 318 Qod
502 265 649 301 amare
683 249 965 314 proximum,
1012 247 1068 296 fit·
1103 246 1245 297 facere
1280 248 1471 307 bonum,
1514 247 1688 312 justum
1721 247 1771 296 &
1807 246 1980 295 testum
2018 244 2066 292 in
2101 244 2232 291 omni

251 334 404 383 opere,
440 318 488 365 &
527 318 573 364 in
611 316 740 366 omni
778 313 1023 370 functione,
1067 329 1096 361 n
1122 331 1134 361 ε
1165 316 1308 376 8120.
1336 316 1479 364 8121.
1507 318 1649 363 8122.
1718 313 1831 361 Inde
1867 311 1993 376 quod
2029 309 2233 358 Charitas

251 401 359 448 erga
394 384 658 448 proximum
693 380 737 430 se
753 379 982 427 utendae
1017 379 1075 426 ad
1106 380 1260 428 omnia
1291 379 1342 427 &
1371 378 1566 441 singula,
1598 395 1704 441 quae
1724 379 1866 426 homo
1887 379 2075 441 cogitat,
2111 375 2231 433 vult,

250 451 304 499 &
337 448 458 505 facit,
504 465 532 496 n
558 465 573 496 ε
599 449 739 503 8124.
807 445 952 503 Quod
991 443 1133 505 facere
1169 444 1342 492 bonum
1381 444 1432 491 &
1469 458 1630 491 verum
1669 443 1724 488 fit
1760 459 1906 490 amare
1945 444 2229 506 proximum,

252 533 321 563 n:
354 509 726 578 10310519336.
797 510 939 569 Quod
973 510 1038 557 illi
1078 512 1157 574 qui
1193 512 1282 558 hoc
1316 507 1505 565 faciunt,
1554 520 1707 556 ament
1747 508 2021 564 Dominum,
2066 507 2145 571 qui
2184 509 2233 554 in

253 581 462 644 supremo
499 576 620 634 fiensu
655 575 719 622 est
751 577 1007 633 Proximus,
1044 593 1073 623 n
1100 595 1112 624 :
1138 593 1282 638 9212.
1351 575 1494 632 Quod
1514 575 1609 622 vita
1630 572 1868 621 eharitatis
1890 572 1943 619 fit
1964 575 2056 619 vita
2077 573 2234 620 secun-

252 647 368 694 dum
391 653 612 709 praecepta
632 642 926 698 Dominis&
948 642 1071 706 quod
1094 643 1245 690 vivere
1267 640 1513 689 secundum
1537 640 1710 687 Divina
1729 637 1848 685 Vera
1881 636 1934 684 fit
1962 653 2109 685 amare
2131 640 2231 685 Do·

253 713 452 769 minum,
485 725 547 757 n:
578 721 751 770 10143.
777 723 949 771 10153.
972 724 1144 771 10310.
1170 711 1342 771 10578.
1366 707 1539 767 10648.

321 775 469 839 Qod
501 774 695 837 genuina
724 773 928 839 Charitas
959 790 1051 822 non
1081 775 1134 822 sit
1168 775 1410 830 meritoria,
1444 790 1476 821 11
1502 790 1515 819 :
1542 785 1688 835 2340.
1727 784 1870 833 2373·
1906 782 2052 826 2400·
2089 769 2233 831 3887·

256 843 380 906 6388
405 841 461 888 ad
486 843 630 905 6393.
700 840 825 902 Qia
844 838 908 887 est
929 839 1241 888 exaffeffione
1262 841 1450 897 interna,
1484 839 1545 886 ita
1573 853 1632 884 ex
1659 835 1870 901 jucundo
1902 835 2013 881 vitae
2044 832 2237 881 faciendi

253 908 446 963 bonurn,
480 923 538 954 n:
560 908 702 969 2373.
729 922 873 966 2400.
901 908 1044 970 3887.
1071 906 1216 969 6388.
1242 905 1387 970 6393.
1458 904 1559 969 Qi
1581 903 1721 951 fidem
1745 901 1944 966 separant
1965 917 1991 948 a
2011 900 2238 956 charitate,

253 973 383 1038 quod
403 972 448 1020 in
471 972 607 1020 altera
627 974 722 1020 vita
740 970 904 1019 faciant
927 972 1084 1029 fidem,
1119 972 1171 1020 &
1194 972 1311 1020 bona
1343 986 1498 1037 opera,
1531 985 1638 1035 quae
1671 970 1718 1016 in
1746 980 1931 1016 externa
1951 965 2099 1014 forma
2121 963 2240 1013 fece-

254 1051 379 1096 runt,
412 1033 654 1094 meritoria,
687 1054 719 1084 n
739 1055 751 1084 ε
774 1053 917 1100 2373.
985 1038 1131 1097 Quod
1153 1039 1233 1101 qui
1256 1039 1302 1086 in
1325 1038 1455 1086 malis
1486 1052 1543 1084 ex
1570 1050 1724 1084 amore
1745 1031 1812 1081 sui
1834 1045 1911 1081 aut
1933 1032 2095 1080 mundi
2119 1030 2237 1086 sunt,

252 1121 347 1163 non
377 1102 513 1150 sciant
542 1103 654 1166 quid
683 1103 738 1149 fit
766 1100 909 1150 facere
939 1103 1113 1152 bonum
1144 1102 1306 1167 absque
1337 1102 1709 1159 remuneratione,
1744 1101 1807 1150 ita
1825 1098 1941 1163 quid
1970 1097 2025 1146 fit
2052 1097 2242 1145 charitas

255 1185 348 1220 non
383 1169 626 1224 meritoria,
661 1183 723 1215 n:
746 1170 889 1233 8037.

318 1233 466 1296 Qod
487 1234 708 1281 Doctrina
732 1235 952 1298 Antiquae
972 1233 1185 1283 Ecclefiae
1222 1234 1358 1284 fuerit
1377 1235 1599 1285 Dofitrina
1619 1233 1747 1291 vitae,
1779 1247 1888 1296 quae
1922 1229 1987 1279 est
2020 1228 2243 1278 Doctrina

252 1299 489 1356 charitatis,
524 1315 586 1348 n:
614 1302 760 1364 2487.
784 1307 927 1364 2385.
954 1317 1098 1367 34¹9·
1126 1317 1270 1365 3420.
1293 1305 1442 1362 4844.
1468 1302 1612 1352 6628.
1682 1299 1828 1362 Quod
1859 1297 1947 1346 illis
1977 1296 2080 1344 inde
2110 1295 2241 1343 intel-

254 1367 438 1430 ligentia
457 1366 507 1414 &
531 1365 751 1429 sapientia,
787 1383 816 1414 n
842 1386 855 1415 :
883 1382 1026 1431 2417.
1053 1368 1198 1433 6629.
1225 1385 1352 1433 7259
1383 1369 1441 1415 ad
1470 1367 1616 1431 7262.
1688 1365 1832 1427 Quod
1866 1362 2159 1429 intelligentia
2189 1361 2241 1408 &

254 1431 462 1495 sapientia
489 1433 683 1478 crescant
702 1433 748 1478 in
771 1432 1047 1480 immensum
1071 1436 1118 1481 in
1139 1435 1275 1481 altera
1296 1437 1391 1480 vita
1424 1434 1545 1499 apud
1584 1433 1705 1488 illos,
1738 1431 1818 1492 qui
1841 1431 1983 1476 vitam
2017 1427 2242 1475 charitatis

257 1497 304 1543 in
345 1497 522 1541 mundo
557 1499 786 1549 vixerunt,
834 1513 863 1540 n
887 1514 900 1541 :
932 1513 1071 1558 1941.
1098 1500 1243 1559 5859.
1313 1498 1459 1559 Qod
1498 1498 1729 1542 Dominus
1774 1509 1883 1540 cum
1918 1494 2095 1539 Divino
2131 1506 2242 1538 vero

257 1560 417 1608 influat
450 1560 497 1605 in
533 1559 808 1614 charitatem,
843 1560 950 1620 quia
969 1561 1017 1606 in
1040 1559 1180 1621 ipsam
1205 1561 1345 1606 vitam
1366 1559 1582 1616 hominis,
1618 1576 1678 1607 n:
1705 1560 1849 1621 2363.
1919 1557 2064 1614 Quod
2098 1558 2246 1603 homo

256 1625 312 1671 fit
332 1623 446 1669 ficut
465 1622 640 1676 hortus,
673 1622 793 1682 apud
833 1637 973 1683 quem
1013 1623 1203 1669 charitas
1232 1623 1284 1670 &
1317 1622 1431 1670 fides
1464 1621 1722 1685 conjunEtae
1761 1622 1862 1669 sunt
1882 1642 1900 1677 ς
1933 1621 2008 1668 sed
2030 1621 2143 1669 ficut
2163 1622 2244 1668 de·

257 1689 423 1736 sertum
446 1685 569 1749 apud
590 1699 727 1748 quem
761 1701 854 1732 non
886 1683 1160 1748 conjunCtae,
1194 1703 1226 1735 n
1243 1705 1256 1736 ε
1276 1686 1418 1750 7626.
1486 1687 1632 1750 Qod
1657 1688 1800 1734 horno
1820 1697 1998 1734 tantum
2022 1686 2196 1735 recedat
2218 1702 2244 1733 a

258 1752 478 1817 sapientia,
513 1763 733 1815 quantum
755 1767 781 1798 a
799 1750 1040 1808 charitate;
1075 1753 1125 1800 &c
1156 1753 1284 1817 quod
1319 1753 1367 1802 in
1406 1753 1657 1816 ignorantia
1694 1752 1752 1800 de
1773 1752 1905 1799 Veris
1926 1752 2107 1799 Divinis
2141 1751 2246 1808 sint,

258 1819 340 1882 qui
378 1834 471 1877 non
506 1818 553 1864 in
576 1817 816 1874 Charitate,
850 1829 1082 1882 utcunque
1114 1818 1157 1867 se
1187 1819 1379 1868 credunt
1416 1819 1581 1882 sapere,
1616 1821 1854 1878 1112416.
1883 1833 2026 1881 2435.
2096 1818 2244 1878 Quod

257 1885 367 1932 Vita
387 1883 587 1947 angelica
607 1882 811 1931 consistat
834 1884 879 1930 111
903 1884 1031 1932 bonis
1052 1884 1292 1942 charitatis,
1326 1901 1433 1950 quae
1456 1884 1557 1934 sunt
1577 1883 1699 1942 usus,
1734 1884 2015 1949 praestandis,
2050 1901 2107 1931 11;
2127 1900 2246 1946 454.

258 1950 404 2024 Qod
427 1949 598 2012 Angeli
633 1949 893 2013 spirituales»,
926 1952 1008 2015 qui
1037 1950 1138 1999 sunt
1169 1954 1252 2016 qui
1281 1953 1328 2000 in
1378 1951 1501 2001 bono
1532 1951 1893 2008 charitatis,·s1nt
1915 1949 2080 1999 formae
2101 1950 2243 1996 chari-

260 2026 380 2070 tatis,
414 2031 445 2060 n
469 2032 481 2062 ε
509 2031 620 2078 553.
646 2018 789 2077 3804.
808 2030 953 2078 4735.

329 2080 475 2143 Qod
507 2081 661 2127 omnia
681 2081 802 2128 Vera
836 2081 1074 2145 spiritualia
1110 2082 1306 2147 spectent
1343 2083 1621 2141 charitatem,
1656 2095 1707 2131 ut
1730 2082 1860 2130 fuum
1893 2082 2168 2145 principium
2194 2080 2245 2127 &

262 2145 421 2202 finem,
456 2161 487 2192 1¹
503 2162 649 2208 4353·
701 2147 848 2204 Quod
870 2149 1150 2198 Doctrinalia
1170 2149 1387 2198 Ecclefiae
1417 2150 1530 2199 nihil
1550 2149 1731 2207 faciant,
1765 2150 1846 2197 nisi
1869 2148 2065 2212 speRent
2087 2148 2244 2194 Chari-

264 2223 401 2264 tatem
426 2223 478 2258 ut
500 2211 657 2268 finem,
693 2228 754 2259 n:
781 2229 926 2278 2049.
953 2216 1096 2264 2116.
1439 2267 1441 2269 ,
1764 2257 1766 2259 >

330 2275 474 2331 Quod
515 2277 744 2337 praesentia
778 2280 970 2328 Domini
1009 2281 1133 2344 apud
1171 2281 1378 2339 homines
1413 2283 1460 2331 &
1497 2282 1681 2346 angelos
1717 2281 1758 2329 se
1797 2280 1956 2328 habeat
1993 2278 2248 2326 secundum·

263 2339 426 2386 statum
449 2341 612 2386 amoris
635 2342 684 2386 &
708 2342 931 2389 charitatis
951 2361 1133 2400 eorum,
1163 2364 1231 2401 n:
1258 2349 1372 2409 649.
1405 2363 1519 2411 904.
1590 2349 1736 2412 Qod
1766 2348 1968 2394 Charitas
2002 2345 2054 2391 sit
2088 2346 2244 2405 imago

264 2405 370 2461 Dei,
404 2421 471 2451 n:
503 2420 641 2466 1013.
712 2405 857 2469 Qod
896 2408 1015 2454 intus
1055 2410 1102 2454 in
1138 2410 1381 2464 Charitate,
1415 2412 1468 2456 fit
1491 2414 1643 2458 Amor
1677 2414 1722 2458 in
1753 2413 2029 2464 Dominum,
2065 2410 2124 2454 ita
2143 2409 2243 2455 Do-

265 2471 433 2526 minus,
467 2469 639 2517 tametfi
660 2469 802 2518 homo
824 2472 1047 2528 id‘nescit‚
1082 2490 1112 2519 n
1138 2490 1150 2520 :
1181 2488 1320 2534 2227.
1357 2475 1499 2535 5066.
1524 2478 1670 2534 5067.
1737 2475 1883 2537 Qod
1907 2475 1987 2535 qui
2010 2473 2248 2520 charitatis

267 2537 407 2582 vitam
429 2536 608 2593 vivunt,
643 2537 812 2600 accepti
852 2538 972 2585 cives
1005 2539 1092 2586 fint
1130 2551 1224 2585 tam
1262 2540 1308 2585 in
1344 2538 1529 2586 Mundo
1564 2554 1705 2601 quarn
1738 2540 1785 2585 iu
1814 2538 1971 2595 Coelo,
2004 2554 2035 2585 n
2059 2555 2076 2585 2
2104 2553 2244 2587 1121.

269 2599 412 2664 Qod
436 2617 527 2648 non
548 2601 813 2649 violandum
847 2603 900 2650 sit
933 2603 1104 2651 bonum
1127 2604 1380 2661 Charitatis,
1416 2621 1444 2651 11
1466 2623 1476 2651 :
1502 2622 1526 2653 2
1535 2621 1559 2666 3
1568 2620 1644 2668 59.

335 2666 480 2728 Qod
519 2668 599 2728 qui
637 2683 728 2714 11011
759 2668 805 2714 111
829 2670 1055 2718 Charitate
1089 2670 1204 2728 sunt,
1243 2687 1333 2718 non
1367 2672 1530 2734 possint
1561 2669 1798 2732 agnoscere
1830 2669 1880 2718 &
1909 2668 2052 2718 colere
2074 2670 2244 2718 Domi·

267 2746 398 2785 num,
433 2730 513 2776 nisi
546 2747 604 2778 ex
640 2733 876 2795 hypocrifi,
913 2753 943 2782 11
966 2754 977 2783 :
1006 2753 1149 2800 2132.
1176 2753 1319 2796 4424.
1347 2741 1490 2801 9833.
1563 2737 1708 2802 Qod
1728 2733 1892 2784 formae
1914 2736 2078 2784 odii&
2102 2736 2245 2784 chari-

257 2797 370 2843 .tatis
395 2811 485 2842 non
506 2798 669 2858 poffint
692 2797 824 2844 simul
845 2800 944 2858 effe,
981 2818 1010 2848 n
1029 2821 1041 2849 :
1074 2805 1210 2851 1860.
1813 2803 1815 2805 ’
2043 2838 2045 2840 ·

340 2876 447 2923 107.
483 2861 576 2908 His
610 2859 856 2924 adjicienda
887 2865 989 2914 sunt
1021 2870 1167 2931 aliqua
1188 2867 1244 2914 de
1267 2868 1483 2916 Doctrina
1507 2868 1696 2917 Amoris
1719 2868 1767 2916 in
1788 2868 2045 2916 Dominum
2064 2889 2081 2922 ·,
2115 2868 2163 2915 δε
2187 2866 2244 2914 de

267 2927 486 3001 Doctrina
506 2927 758 2984 Charitatis,
792 2929 890 2977 haec
911 2933 1053 2994 qualis
1085 2934 1226 2981 fuerat
1247 2935 1482 2998 Antiquis,
1516 2934 1639 3000 apud
1673 2950 1787 2999 quos
1825 2934 1912 2983 fuit
1934 2933 2158 2989 Ecclefia;
2194 2945 2246 2980 ut

270 2992 427 3040 sciatur
466 2992 609 3055 qualis
646 2992 744 3041 haec
780 2994 1016 3055 Doetrina,
1066 3016 1170 3062 quae
1210 2999 1343 3046 hodie
1381 3017 1475 3051 non
1512 3000 1595 3062 est,
1637 3004 1760 3067 prius
1797 2999 1971 3058 fuerat,
2016 3002 2151 3046 etiam
2189 3012 2247 3045 ex

271 3059 524 3121 Aacams
543 3061 901 3121 Coeus-rmus,
934 3078 992 3112 n:
1018 3079 1142 3129 7257
1169 3064 1223 3112 ad
1247 3065 1388 3130 7263.

2047 3133 2256 3184 Bonum,
