2502 3432
296 119 427 182 1152
658 122 765 163 DE
842 123 1099 166 NOVA
1168 104 1934 178 H1ssRosoLrMA

401 225 550 306 306.
601 221 781 314 Qod
811 220 1155 315 Trinumstt
1187 231 1248 292 in
1283 230 1552 294 Domino.
1649 242 1794 305 Qod
1818 242 2056 292 Christiani
2079 245 2123 294 in
2148 248 2279 299 altera

298 314 391 360 vita
414 313 629 375 explorati
653 315 753 372 sint,
789 315 966 378 qualem
992 317 1141 364 ideam
1160 318 1221 366 de
1244 321 1346 367 Deo
1369 336 1461 368 uno
1484 319 1707 377 haberent,
1742 322 1791 368 δε
1814 335 2118 385 compertum,
2154 331 2280 389 quod

299 380 509 428 haberent
550 380 694 427 ideam
743 383 882 429 trium
930 383 1138 438 deorum,
1191 401 1219 432 n
1244 403 1256 433 t
1287 401 1427 450 2329.
1478 388 1620 450 5256.
1670 391 1839 451 10736.
1888 404 2058 453 10737.
2109 397 2278 454 10738.

305 448 480 494 10821.
547 446 692 508 Quod
717 448 915 496 Trinum
940 449 1165 496 Divinum
1191 452 1235 496 in
1271 467 1358 499 una
1382 453 1573 500 Persona
1609 455 1785 516 concipi
1826 456 1972 516 possit,
2010 458 2058 502 &
2084 456 2142 504 fic
2165 474 2282 507 unus

292 512 443 567 Deus,
480 528 569 559 non
594 525 744 560 autem
771 515 816 560 in
840 515 982 561 tribus
1007 514 1223 572 Personis,
1260 533 1288 563 n
1315 535 1325 563 ε
1359 522 1529 581 10738.
1559 521 1728 566 10821.
1764 527 1931 577 10824.
2004 521 2148 586 Qod
2174 525 2280 571 Tri·

287 593 409 623 ‘num
434 578 478 624 in
504 594 592 625 una
615 578 820 636 Persona,
857 583 915 628 ita
944 581 988 627 in
1014 582 1235 639 Domino,
1273 582 1324 629 s1t
1347 582 1499 645 Ipsum
1527 585 1750 631 Divinum
1773 586 1897 649 quod
1925 587 2054 633 Pater
2078 603 2279 646 vocatur,

300 644 528 690 Divinum
570 645 846 692 Humanum
891 647 1017 710 quod
1058 647 1217 704 Filius,
1269 664 1318 695 ac
1359 650 1584 696 Divinum
1625 650 1876 698 Procedens
1920 653 2045 715 quod
2087 655 2279 718 Spiritus

291 709 504 766 SanctuS,
541 711 589 758 &
613 711 740 774 quod
762 711 821 758 fic
845 713 1046 759 Trinum
1082 712 1135 760 fit
1159 714 1342 771 Unum,
1376 732 1434 764 n:
1460 732 1603 780 2149.
1634 715 1775 777 2156.
1805 720 1946 765 2288.
1974 734 2114 781 2321.
2139 737 2281 784 2329.

299 790 443 837 2447.
473 790 616 840 3704.
643 778 788 841 6993.
817 781 958 840 7182.
990 782 1159 842 10738.
1193 784 1362 830 10822.
1397 784 1563 845 10823.
1635 781 1784 844 Quod
1822 783 2043 831 Divinum
2080 786 2280 832 Trinum

296 841 345 887 in
367 841 575 889 Domino
595 842 860 905 agnoscatur
889 845 934 891 in
958 844 1112 901 Coelo,
1150 861 1207 894 n:
1234 862 1306 904 14.
1333 863 1404 910 15.
1433 864 1570 912 1729.
1594 862 1740 909 2005.
1766 850 1907 909 5256.
1931 864 2073 911 9303.
2133 852 2281 916 Qod

292 906 530 955 Dominus
567 923 684 956 unus
717 908 773 956 fit
805 925 914 957 cum
951 911 1098 968 Patre,
1134 913 1193 959 ita
1216 911 1369 976 Ipsum
1397 914 1618 960 Divinum
1656 916 1705 962 ὅτ
1737 914 1960 960 Divinum
1987 915 2279 972 Humanum,

289 987 358 1018 -nz
390 989 532 1038 1729.
560 989 706 1035 2004.
743 992 886 1038 2005.
915 979 1059 1026 2018.
1085 993 1228 1040 2025.
1254 994 1396 1041 2751.
1424 996 1564 1044 3704.
1595 980 1734 1043 3736.
1762 981 1907 1041 4706.
1981 979 2122 1040 Quod
2148 981 2279 1029 Divi-

288 1053 407 1085 num
455 1040 597 1102 Ipfius
637 1042 885 1105 procedens
924 1042 978 1090 fit
1019 1044 1154 1091 etiarn
1195 1045 1419 1092 Divinum
1459 1047 1600 1108 Ipsius
1640 1047 1686 1091 in
1723 1045 1877 1098 Coelo,
1922 1047 2051 1108 quod
2090 1047 2281 1111 Spiritus

294 1103 483 1151 Sanetus
520 1118 727 1162 vocatur,
773 1123 840 1155 n:
869 1104 1010 1172 3969.
1040 1110 1184 1172 4673.
1220 1110 1363 1172 6788.
1397 1110 1540 1175 6993.
1581 1126 1722 1172 7499.
1762 1114 1905 1170 8127.
1951 1114 2096 1172 8302.
2131 1130 2276 1176 9199.

294 1171 441 1235 9228.
460 1184 606 1230 9229.
628 1186 772 1234 9270.
797 1187 942 1237 9407.
968 1176 1113 1239 9818.
1139 1182 1284 1238 9820.
1312 1192 1481 1239 ¹0330·
1552 1176 1617 1223 Ita
1652 1174 1777 1237 quod
1806 1174 2036 1222 Dominus
2073 1175 2126 1222 fit
2148 1179 2280 1225 Solus

292 1239 344 1284 δε
370 1236 528 1283 unicus
548 1237 695 1294 Deus,
730 1254 790 1286 n:
818 1242 956 1301 1607.
979 1255 1121 1302 2149.
1143 1241 1286 1300 2156.
1309 1255 1451 1303 2329.
1474 1257 1616 1303 2447.
1635 1256 1777 1304 2751.
1799 1256 1942 1302 3194.
1962 1256 2107 1302 3704.
2134 1257 2276 1303 3712.

294 1317 439 1367 3939.
456 1317 605 1366 4577.
626 1304 774 1368 4687.
797 1319 940 1367 5321.
960 1306 1104 1353 6280.
1125 1306 1270 1367 6371.
1298 1306 1442 1369 6849.
1463 1307 1605 1370 6993.
1636 1321 1777 1371 7014.
1800 1319 1942 1370 7091.
1971 1308 2111 1368 7182.
2134 1307 2278 1373 7209.

294 1371 437 1428 8241.
457 1370 601 1432 8724.
620 1370 763 1434 8763.
784 1371 928 1429 8864.
951 1371 1092 1431 8865.
1113 1386 1259 1434 9194·
1276 1386 1421 1435 9303.

392 1456 546 1518 307.
593 1437 697 1499 De
729 1438 982 1498 Domino
1027 1441 1089 1498 in
1122 1436 1295 1500 Coelo.
1390 1446 1533 1503 Quod
1558 1447 1785 1496 Dominus
1825 1460 2032 1510 appareat
2071 1449 2115 1498 in
2145 1451 2279 1500 Coelo

289 1533 343 1571 ut
366 1523 444 1572 Sol
467 1524 519 1572 ὅτ
535 1535 594 1571 -ut
619 1525 770 1582 Luna,
804 1536 857 1572 ut
877 1525 954 1573 Sol
978 1524 1064 1572 i'llis
1086 1526 1167 1589 qui
1188 1525 1237 1573 in
1261 1527 1428 1590 Regno
1452 1522 1651 1581 Coelesti,
1685 1539 1737 1571 ac
1760 1537 1813 1572 ut
1837 1524 1971 1572 Luna
2004 1525 2090 1573 illis
2127 1527 2206 1589 qui
2229 1530 2274 1574 in

292 1590 463 1652 Regno
481 1588 716 1653 spirituali,
741 1606 963 1653 n21053.
989 1607 1126 1652 1521.
1153 1609 1291 1654 1529.
1319 1606 1621 1653 1530.1531.
1644 1589 1784 1652 3636.
1807 1590 1947 1652 3643.
1967 1607 2112 1652 4321.
2130 1608 2276 1656 5097.

294 1660 437 1718 7078.
465 1660 610 1717 7083.
632 1671 772 1718 7173.
795 1671 939 1719 7270.
961 1659 1102 1705 8812.
1130 1659 1300 1719 10809.
1371 1655 1516 1718 Qod
1538 1654 1666 1709 Lux,
1702 1670 1808 1716 quae
1843 1657 2048 1717 procedit
2084 1671 2141 1701 ex
2174 1657 2275 1703 Do-

290 1721 419 1768 mino
457 1733 509 1768 ut
531 1720 652 1777 Sole,
687 1721 740 1768 fit
766 1721 988 1768 Divinum
1013 1721 1206 1777 Verum,
1239 1735 1296 1768 ex
1333 1736 1429 1783 quo
1467 1719 1616 1766 omnis
1654 1717 1862 1783 sapientia
1900 1721 1950 1767 δε
1987 1719 2278 1785 intelligentia

289 1785 499 1848 Angelis,
535 1801 564 1832 n
591 1804 603 1834 :
635 1801 773 1850 1053.
810 1801 929 1848 1521
962 1786 1018 1833 ad
1053 1802 1192 1850 1533.
1229 1785 1372 1850 2776.
1408 1787 1551 1848 3138.
1592 1799 1734 1849 3195.
1768 1800 1909 1848 3222.
1948 1801 2090 1850 3223.
2130 1802 2275 1849 3225.

293 1867 437 1917 3399·
461 1866 604 1915 3341·
631 1853 775 1916 3636·
797 1853 940 1916 3643·
961 1868 1102 1917 3993·
1128 1856 1274 1928 4180·
1294 1866 1439 1927 4302,-
1463 1867 1608 1913 4415·
1630 1866 1773 1926 5490·
1793 1867 1937 1916 9399·
1960 1868 2104 1915 9407·
2130 1859 2274 1928 9542}-

291 1933 436 1981 9571.
462 1917 606 1982 9684.
675 1918 741 1965 Et
778 1919 903 1979 quod
941 1918 1092 1973 Calor,
1126 1933 1207 1979 qui
1241 1916 1446 1980 procedit
1480 1932 1539 1963 ex
1573 1917 1782 1963 Domino
1822 1929 1874 1962 ut
1908 1917 2030 1971 Sole,
2066 1918 2119 1964 fit
2140 1919 2276 1965 Divi-

291 1999 404 2030 num
445 1983 626 2032 Bonum
664 1998 723 2030 ex
759 1996 854 2046 quo
877 1985 1030 2030 Amor
1054 1982 1262 2045 Angelis,
1297 1998 1328 2028 11
1353 2000 1363 2029 :
1393 1983 1536 2045 3338.
1565 1980 1706 2042 3636.
1733 1980 1876 2044 3643.
1915 1996 2057 2044 5215.
2130 1982 2278 2041 Quod

285 2048 444 2112 ipsum
472 2050 693 2096 Divinum
720 2049 913 2096 Domini
950 2048 1004 2096 fit
1041 2047 1176 2111 longe
1211 2047 1340 2112 supra
1361 2049 1588 2095 Divinum
1614 2045 1755 2110 lpsius
1777 2046 1822 2093 in
1846 2047 2002 2102 Coelo,
2037 2063 2067 2093 n
2093 2065 2102 2094 :
2129 2062 2272 2110 7270.

290 2115 440 2177 8760.
507 2115 657 2178 'Qod
681 2115 908 2162 Divinum
932 2115 1107 2161 Verum
1148 2111 1249 2162 non'
1277 2114 1330 2161 fit
1365 2115 1410 2159 in
1435 2113 1657 2168 Domino,
1694 2109 1767 2158 sed
1806 2112 1931 2174 quod
1971 2112 2184 2174 procedat
2219 2130 2276 2161 ex

290 2179 518 2241 Domino,
555 2181 665 2228 ficut
687 2181 799 2229 Lux
819 2196 911 2229 non
934 2180 996 2228 est
1020 2182 1066 2227 in
1090 2180 1194 2227 Sole
1217 2179 1289 2227 sed
1313 2193 1371 2228 ex
1392 2177 1495 2234 sole,
1532 2194 1560 2224 n
1580 2195 1590 2224 ε
1620 2176 1761 2240 3969.
1830 2176 1974 2238 Quod
2001 2178 2046 2223 in
2071 2178 2277 2229 Domino

290 2245 346 2294 fit
368 2245 488 2303 Ess‘e,
520 2247 570 2294 δε
594 2262 618 2294 a
641 2247 847 2295 Domino
869 2245 1086 2302 Existere,
1122 2263 1183 2294 n:
1206 2249 1347 2309 3938.
1403 2243 1547 2308 Qod
1571 2244 1803 2291 Dominus
1825 2241 1877 2289 fit
1900 2243 2122 2291 Centrum
2147 2259 2277 2292 com·

293 2328 449 2368 mune,
482 2312 539 2359 ad
577 2313 705 2376 quod
743 2328 903 2361 omnes
929 2312 1102 2374 Angeli
1141 2313 1188 2359 in
1210 2311 1351 2358 Coelo
1387 2309 1427 2356 se
1449 2321 1649 2364 vertunt,
1684 2324 1743 2355 n:
1766 2307 1910 2371 3633.
1937 2310 2080 2371 9828.
2104 2324 2278 2373 10130.

297 2383 470 2442 10189.
542 2379 690 2442 Qod
727 2389 881 2425 tamen
905 2377 1075 2440 Angeli
1117 2374 1157 2424 se
1195 2391 1286 2424 non
1321 2386 1496 2440 vertant
1530 2375 1587 2421 'ad
1621 2375 1898 2431 Dominum,
1933 2373 2006 2420 sed
2028 2375 2153 2437 quod
2180 2377 2276 2424 Do-

280 2446 443 2500 minus
466 2442 566 2491 illos
588 2455 731 2491 vertat
751 2443 809 2491 ad
825 2443 898 2500 Se,
935 2459 996 2492 n:
1023 2448 1212 2507 10189:
1247 2443 1352 2507 quia
1391 2456 1480 2488 non
1514 2440 1575 2487 est
1597 2438 1827 2503 praesentia
1845 2439 2130 2503 Angelorum
2156 2441 2279 2504 apud

292 2510 571 2567 Dominum,
607 2508 678 2557 sed
701 2510 897 2558 Domini
931 2509 1053 2573 apud
1078 2508 1300 2572 Angelos,
1338 2525 1365 2554 n
1391 2525 1402 2555 ε
1427 2523 1570 2569 9415.
1642 2506 1785 2569 Qod
1821 2505 2051 2569 praestntia
2085 2507 2278 2555 Domini

291 2575 416 2639 apud
437 2574 646 2639 Angelos
681 2574 722 2623 se
759 2575 918 2624 habeat
957 2573 1203 2626 secundum
1239 2574 1539 2637 receptionem
1577 2571 1683 2619 boni
1715 2572 1878 2619 amoris
1902 2573 1951 2619 δε
1975 2572 2197 2620 charitatis
2218 2572 2276 2619 ab

290 2641 410 2704 Ipso,
446 2658 476 2689 11
500 2659 512 2690 :
539 2658 652 2706 904.
678 2646 824 2707 4198.
848 2643 996 2702 4206.
1031 2657 1175 2702 4211.
1211 2656 1356 2704 4320.
1397 2638 1537 2687 6280.
1576 2639 1717 2702 6832.
1763 2653 1906 2701 7042.
1948 2642 2090 2699 8819.
2126 2638 2272 2700 9680.

294 2707 437 2768 9682.
463 2709 607 2772 9683.
637 2710 807 2757 10106.
839 2713 1008 2757 10811.
1078 2706 1222 2765 Quod
1265 2706 1492 2753 Dominus
1533 2705 1723 2766 praesens
1763 2703 1816 2750 fit
1859 2703 1981 2766 apud
2025 2719 2181 2750 omnes
2225 2705 2272 2751 in

233 2778 246 2789 ‘
294 2771 448 2829 Coelo,
484 2775 530 2821 δι
554 2789 738 2837 quoque
761 2775 806 2820 in
830 2772 1028 2830 Inferno,
1064 2789 1121 2820 n:
1149 2773 1290 2836 2766.
1361 2770 1505 2830 Quod
1544 2770 1774 2817 Dominus
1811 2786 1867 2817 ex
1905 2770 2076 2816 Divino
2098 2771 2274 2817 Amore

293 2836 403 2884 velit
425 2837 645 2886 adducere
665 2855 823 2887 omnes
847 2841 1050 2888 homines
1082 2838 1140 2885 ad
1163 2839 1222 2886 Se
1257 2838 1302 2885 in
1328 2837 1535 2893 Coelum‚
1571 2853 1600 2883 n
1625 2854 1636 2884 ε
1662 2837 1806 2899 6645.
1875 2836 2019 2897 Qod
2041 2835 2272 2882 Dominus

293 2900 349 2948 fit
387 2903 433 2949 in
473 2904 688 2952 continuo
732 2919 898 2954 conatu
944 2903 1273 2969 conjunclionis
1316 2919 1423 2951 cum
1466 2903 1665 2959 homine,
1709 2901 1782 2950 sed
1821 2903 1949 2965 quod
1985 2900 2182 2952 influxus
2220 2902 2272 2948 δε

293 2964 554 3030 conjunctio
591 2969 861 3040 impediatur
894 2987 975 3037 per
1010 2973 1219 3037 proprios
1257 2971 1452 3021 hominis
1490 2983 1679 3029 amora,
1715 2985 1773 3018 n:
1797 2983 1939 3026 2041.
1961 2980 2101 3031 2053.
2128 2982 2272 3026 2411.

291 3033 436 3097 5696.

2123 3098 2271 3159 Quod
