2502 3432
275 469 302 524 ι’.

524 153 709 255 'ET
755 174 1351 252 BABYLONIA
1401 181 2090 245 DEsTRUcTA.
2245 196 2322 240 21

336 319 495 370 Genesi
521 320 570 367 δι
594 316 763 366 Exodo
784 314 1086 367 continentur,
1122 325 1178 357 ex
1199 308 1364 372 quibus
1386 308 1588 355 Collec'ta
1611 309 1668 354 de
1690 307 1845 355 Verbo
1868 309 1917 355 ὅτ
1939 305 2035 371 ejus
2058 304 2180 354 sensu
2204 304 2331 369 spiri·

336 387 464 442 tuali,
501 384 737 432 videantur
756 382 807 427 in
826 374 1063 441 Opusculo
1085 376 1142 422 de
1163 375 1304 438 Equo
1325 373 1470 428 Albo,
1504 373 1561 419 de
1583 389 1678 436 quo
1701 375 1746 419 in
1772 373 2059 436 Apocalypsi.
2118 373 2126 377 ’

401 468 477 515 29.
516 449 661 509 Quod
685 446 921 493 Ultimum
945 442 1185 504 Judicium
1218 439 1484 487 exstiturum
1522 438 1577 486 fit
1611 441 1657 484 in
1685 439 1870 484 Mun'do
1896 438 2127 501 spirituali,
2161 438 2211 486 &
2234 452 2329 485 non

335 519 382 565 in
406 515 595 563 Mundo
615 510 802 560 naturali
825 509 898 557 seu
922 509 967 555 in
991 510 1133 564 terris,
1169 505 1340 554 constat
1363 520 1421 552 ex
1448 505 1563 551 binis
1584 504 1804 551 Articulis
1835 505 1916 565 qui
1953 505 2242 565 praecedunt,
2277 505 2329 551 δε

255 577 260 580 ’
333 597 517 647 quoque
553 594 612 627 ex
646 577 730 625 illis
766 576 846 639 qui
887 574 1166 638 sequuntur-3
1202 573 1247 619 in
1274 572 1387 619 binis
1411 570 1632 618 Articulis
1667 570 1746 632 qui
1783 569 2064 632 praecedunt,
2100 569 2324 618 ostensum

331 647 412 704 est,
446 645 571 709 quod
594 643 785 692 Coelum
824 642 874 689 &
913 639 1147 688 Infernum
1188 639 1275 685 fint
1314 653 1370 685 ex
1398 638 1628 684 Humano
1650 636 1860 690 Genere;
1898 635 1948 682 ὅτ
1981 635 2108 697 quod
2148 651 2324 688 omnes,

335 725 628 776 quotcunque
663 726 688 756 a
723 707 948 772 principio
985 705 1216 754 creationis
1256 706 1346 750 nati
1384 702 1486 750 sunt
1522 703 1748 757 homines,
1784 702 1834 748 ὅτ
1875 698 2096 756 defuncti,
2132 700 2217 747 [int
2255 702 2324 746 vel

333 781 382 826 in
405 778 541 826 Coelo
570 776 642 822 vel
683 777 728 822 in
750 772 947 829 Inferno,
982 774 1042 820 ita
1078 771 1205 835 quod
1244 785 1401 818 omnes
1441 769 1503 816 ibi
1542 769 1675 816 simul
1710 768 1826 815 fint:
1862 767 1907 813 in
1930 766 2150 814 Articulis
2173 781 2324 813 autem

330 844 410 908 qui
443 844 703 907 sequuntur,
738 838 1064 888 ostendendum
1088 838 1230 894 venit,
1263 836 1391 900 quod
1414 835 1652 882 Ultimum
1676 834 1915 895 Judicium
1930 830 2145 896 jamdum
2171 847 2322 896 perac-

329 923 430 957 tum
455 909 520 956 sit.
2283 933 2288 938 .

398 992 475 1038 30.
513 976 730 1022 Praeterea
769 972 919 1020 nullus
954 969 1181 1034 judicatur
1218 984 1282 1018 ex
1312 968 1502 1016 naturali
1542 966 1743 1022 homine,
1779 965 1842 1013 ita
1877 980 1970 1012 non
2010 965 2231 1028 quamdiu
2271 965 2318 1014 in

328 1041 516 1088 naturali
542 1039 718 1087 mundo
740 1040 874 1095 vivit,
909 1053 1013 1085 nam
1039 1050 1147 1086 tunc
1172 1037 1315 1084 homo
1344 1034 1608 1083 in'naturali
1643 1047 1832 1096 corpore
1865 1030 1945 1087 est,
1982 1032 2054 1078 sed
2088 1030 2321 1094 judicatur

326 1109 375 1154 in
398 1106 609 1170 spirituali
632 1105 831 1160 homine,
866 1105 926 1151 ita
948 1104 1061 1151 dum
1086 1104 1133 1150 in
1155 1102 1430 1167 spiritualem
1456 1099 1693 1148 Mundum
1716 1099 1858 1156 venit,
1895 1113 1999 1145 nam
2034 1110 2144 1145 tunc
2179 1098 2323 1146 homo

328 1174 374 1218 in
397 1172 607 1235 spirituali
631 1186 819 1234 corpore
841 1168 937 1217 est:
974 1169 1197 1233 spirituale
1233 1169 1357 1233 apud
1397 1167 1632 1216 hominem
1673 1164 1755 1223 est,
1787 1164 1916 1228 quod
1943 1161 2192 1228 judicatur,
2228 1180 2319 1212 non

330 1249 478 1284 autem
502 1237 711 1292 naturale,
746 1236 834 1283 hoc
854 1236 976 1282 enim
1003 1251 1095 1283 non
1128 1251 1255 1283 reum
1280 1231 1467 1298 alicujus
1488 1234 1638 1298 culpae
1661 1243 1740 1279 aut
1762 1231 1965 1279 criminis
1986 1229 2067 1287 est,
2101 1232 2208 1295 quia
2229 1247 2320 1278 non

331 1303 448 1349 vivit
469 1317 526 1348 ex
549 1303 607 1359 se,
644 1302 718 1348 sed
751 1300 812 1347 est
837 1302 979 1348 modo
1002 1301 1315 1348 administrum
1340 1302 1387 1349 δι
1410 1299 1765 1355 instrumentale,
1802 1313 1881 1360 per
1919 1298 2047 1361 quod
2087 1296 2321 1361 spiritualis

331 1370 475 1415 homo
496 1370 607 1429 agit,
642 1367 847 1412 videatur
878 1365 1007 1428 supra
1039 1382 1104 1412 n:
1137 1381 1234 1423 24:
1270 1366 1375 1411 inde
1407 1365 1661 1427 etiam—est,
1729 1362 2069 1426 unclffldigium
2094 1364 2170 1421 fiat
2193 1364 2324 1426 super
2357 1372 2412 1405 ν·

318 1429 1615 1495 μΙΕ-πὲίεὶςὲι,Νειεὲιηεὲ<ᾳ>ῄετ3ειιεηιιῃψῃ;ειιυωιε.«ίιιυαμεοηῃῃιε,
1627 1423 1706 1482 ’ἐξ
1719 1429 2211 1490 tn.dusssunt‚spirituale
2227 1447 2238 1475 ε
2256 1430 2322 1486 ,ἰτι

333 1493 1995 1560 mmfflssfflunmpmtekmalistestgueassamtcm&
2020 1493 2179 1551 fidem,
2214 1510 2321 1549 nam

333 1562 745 1627 unusuneMi-gi„
757 1559 2133 1624 [ρξτίευαιὶῌῐᾈμῃᾴῳὼεαὶεἰεεὼῂαωοείἕμηφα.,019ἆο
2170 1560 2332 1623 q-uoadr

331 1628 490 1675 faciem
516 1628 564 1691 δέ
588 1639 667 1671 6οῒ
702 1640 772 1689 us,
799 1623 1071 1689 ,sedfferifiaffi
1085 1623 1833 1699 ‚qyoafltlaeuelamssssastionet3
1865 1623 2075 1687 videatur
2098 1625 2144 1671 11¹
2168 1626 2320 1688 Opere

330 1680 641 1739 ffiib‘sf
669 1705 697 1734 n
719 1704 843 1746 erno,
879 1704 909 1735 n
935 1707 948 1736 :
974 1689 1086 1747 481.
1123 1680 1227 1736 incle
1248 1687 1328 1744 est,
1361 1687 1487 1751 quod
1529 1687 1768 1735 noscantur
1806 1701 1967 1735 ornnes
2005 1690 2159 1752 quales
2199 1691 2317 1747 sunt,

329 1773 380 1804 ac
403 1757 525 1804 illico
548 1755 818 1818 separantur,
854 1755 1040 1818 quando
1064 1755 1269 1802 Domino
1291 1754 1562 1818 beneplacet.
1619 1754 1697 1801 Ex
1722 1754 1789 1801 his
1810 1770 1996 1817 quoque
2019 1767 2158 1818 patet,
2191 1759 2319 1820 quod

322 1822 549 1887 judicium
577 1822 651 1869 fiat
675 1823 720 1868 in
747 1821 933 1868 Mundo
956 1820 1188 1884 spirituali,
1223 1822 1271 1868 δε
1299 1837 1390 1868 non
1414 1822 1461 1867 in
1484 1820 1671 1867 naturali
1694 1820 1767 1868 seu
1802 1821 1848 1867 in
1879 1821 2019 1868 terris.

399 1904 475 1952 3¹·
513 1888 656 1946 Quod
682 1888 776 1933 vita
795 1887 1003 1933 naturalis
1024 1888 1145 1950 apud
1171 1888 1404 1935 hominem
1431 1887 1540 1933 nihil
1566 1883 1711 1943 faciat,
1749 1886 1821 1933 sed
1845 1887 1940 1934 vita
1971 1886 2066 1951 ejus
2091 1886 2323 1951 spiritualis

330 1955 377 2002 in
401 1953 602 2010 naturali,
636 1952 851 2019 quoniam
877 1953 1072 2000 naturale
1094 1968 1150 2000 ex
1173 1953 1215 2000 se
1237 1952 1301 2000 est
1322 1969 1478 2016 expers
1502 1955 1630 2010 vitae,
1664 1953 1716 2000 δε
1748 1953 1875 2016 quod
1894 1953 1990 2001 vita
2025 1970 2239 2017 apparens
2277 1958 2323 2003 in

328 2021 408 2068 illo
442 2020 495 2066 fit
533 2020 715 2066 ex'vita
746 2019 989 2082 -spiritualis
1025 2019 1238 2076 hominis,
1274 2022 1333 2067 ita
1370 2021 1496 2083 quod
1533 2020 1606 2067 hic
1644 2018 1698 2066 fit
1736 2021 1815 2082 qui
1843 2017 2088 2083 judicatur,
2123 2021 2173 2068 δι
2198 2024 2323 2085 quod

329 2087 463 2133 etiam
501 2084 723 2148 spirituale
762 2085 957 2132 hominis
997 2086 1271 2149 intelligatur
1293 2102 1373 2150 per
1388 2085 1581 2150 judicari
1608 2085 1853 2133 secundum
1880 2084 2010 2143 facta,
2047 2087 2253 2135 videatur
2276 2091 2321 2135 in

330 2153 481 2214 Opere
506 2154 562 2198 de
584 2151 723 2198 Coelo
745 2151 794 2198 &
818 2149 1019 2207 Inferno,
1055 2154 1103 2200 &
1129 2154 1191 2200 ibi
1212 2154 1259 2200 in
1284 2153 1493 2200 Articulo
1517 2152 1746 2216 inscripto,
1783 2152 1910 2216 quod
1950 2153 2093 2201 horno
2132 2154 2185 2200 sit
2221 2157 2321 2218 post

295 2250 302 2254 -
335 2230 529 2264 mortem
553 2218 696 2279 qualis
719 2216 813 2277 eius
836 2220 929 2264 vita
951 2217 1039 2265 fuit
1063 2221 1108 2265 in
1136 2219 1338 2275 Mundo,
1374 2236 1404 2266 n
1431 2237 1442 2266 :
1465 2236 1564 2283 470
1590 2220 1647 2266 ad
1671 2221 1786 2278 484.

398 2299 472 2346 3²·
513 2283 602 2327 His
640 2281 826 2344 adjicere
850 2284 990 2330 velim
1027 2285 1210 2346 aliquod
1235 2283 1470 2332 Arcanum
1505 2284 1703 2341 coeleste,
1739 2283 1865 2346 quod
1889 2283 2076 2346 quidem
2103 2286 2147 2331 in
2172 2287 2323 2348 Opere

330 2348 386 2395 de
407 2347 545 2396 Coelo
568 2347 615 2393 &
640 2346 821 2392 Inferno
859 2361 1162 2394 memoratum
1203 2349 1281 2404 est,
1320 2350 1393 2395 [ed
1430 2350 1639 2395 nondum
1681 2350 1991 2410 descriptum?
2024 2349 2357 2413 unusquisque3

331 2413 431 2475 post
466 2424 662 2458 mortem
699 2410 761 2456 est
797 2411 1000 2473 alligatus
1035 2412 1213 2458 cuidam
1238 2413 1463 2467 Societati,
1500 2415 1547 2458 &
1571 2413 1783 2474 alligatur
1804 2425 1857 2458 ut
1878 2415 2082 2474 primum
2105 2415 2151 2460 in
2176 2416 2325 2463 Mun·

334 2480 446 2525 dum
470 2477 741 2539 spiritualem
765 2479 905 2532 venit,
940 2478 1147 2525 videatur
1169 2479 1213 2524 in
1238 2477 1319 2524 illo
1343 2479 1495 2540 Opere
1529 2494 1557 2523 n
1578 2495 1589 2524 :
1616 2493 1713 2541 4²7
1739 2478 1787 2524 ὅτ
1811 2493 1943 2541 4973
1979 2478 2051 2524 sed
2076 2478 2252 2542 spiritus
2275 2483 2322 2530 in

330 2547 481 2607 primo
503 2542 580 2589 suo
602 2541 714 2589 statu
739 2543 783 2589 id
809 2542 960 2599 nescit,
996 2560 1100 2591 nam
1138 2557 1247 2590 tunc
1288 2546 1332 2590 in
1371 2544 1565 2590 externis
1602 2543 1689 2589 suis
1728 2542 1808 2599 est,
1843 2544 1893 2590 &
1926 2544 2131 2593 nondum
2167 2548 2213 2594 in
2253 2549 2322 2596 in-

331 2612 502 2663 terni53
539 2609 721 2670 quando
754 2610 853 2656 talis
876 2608 956 2666 est,
994 2622 1103 2657 tunc
1126 2611 1253 2658 vadit
1274 2611 1363 2657 huc
1388 2610 1512 2666 illuc,
1548 2625 1643 2672 quo
1681 2608 1898 2656 desideria
1930 2611 2068 2657 animi
2106 2627 2213 2660 eum
2255 2613 2319 2661 fe-

331 2690 470 2730 runt;
507 2687 551 2721 at
586 2672 720 2737 usque
753 2675 978 2722 actualiter
1011 2676 1074 2723 est
1108 2677 1184 2722 ubi
1218 2675 1322 2724 suus
1352 2693 1496 2732 amor,
1533 2676 1619 2723 hoc
1652 2674 1732 2732 est,
1767 2675 1813 2721 in
1838 2676 2074 2736 Societate,
2108 2679 2186 2726 ubi
2218 2678 2320 2728 sunt

312 2740 853 2851 Qui-{tinges
889 2742 1012 2787 Cum
1054 2741 1229 2805 spiritus
1270 2745 1314 2789 in
1355 2744 1430 2789 tali
1471 2741 1584 2788 statu
1625 2741 1704 2798 est,
1742 2753 1849 2787 tunc
1881 2756 2064 2805 apparet
2091 2745 2138 2791 in
2163 2746 2320 2794 multis

330 2809 424 2854 aliis
447 2808 575 2860 locis,
611 2822 639 2851 u
674 2807 758 2852 ivis
792 2808 928 2853 etiam
962 2807 1076 2854 ficut
1106 2824 1294 2871 corpore
1330 2807 1539 2870 praesens,
1573 2807 1646 2853 sed
1671 2808 1757 2854 hoc
1778 2807 1843 2854 est
1865 2809 2009 2857 modo
2029 2814 2281 2874 apparentia
2300 2836 2317 2870 ·,

329 2885 605 2936 quapropter
643 2884 692 2918 ut
730 2873 934 2934 primum
968 2873 1232 2935 perducitur
1264 2890 1289 2921 a
1310 2875 1520 2921 Domino
1552 2874 1597 2920 in
1636 2872 1766 2920 suum
1800 2889 2002 2922 amorem
2035 2891 2318 2940 regnantem,
2362 2901 2372 2935 ἢ

330 2940 451 2986 iflico
489 2940 544 2985 ab
582 2937 723 2984 oculis
761 2939 950 2985 aliorum
988 2939 1222 2995 evanescit,
1260 2941 1306 2986 ἃ
1330 2938 1392 2986 est
1416 2939 1535 3003 apud
1560 2939 1659 2987 suos
1681 2941 1727 2987 in
1751 2940 1972 2988 Societate
2006 2943 2081 2989 cui
2113 2939 2320 3008 alligatus

319 3004 391 3050 *est
412 3023 423 3050 ι
460 3005 548 3051 hoc
585 3004 804 3066 peculiare
837 3004 898 3050 est
932 3004 977 3051 in
1002 3005 1191 3052 Mundo
1214 3005 1444 3068 spirituali,
1481 3006 1530 3052 δε
1554 3005 1755 3053 mirabile
1778 3005 1864 3053 illis
1886 3010 1965 3070 qui
1991 3008 2161 3057 causam
2186 3014 2317 3074 igno·
2367 3001 2374 3059 ἶ

331 3082 444 3117 rant.
488 3070 623 3141 ’Inde
646 3085 764 3116 nunc
788 3070 868 3126 est,
902 3070 1048 3133 quod,
1083 3083 1134 3117 ut
1158 3072 1359 3133 primum
1385 3072 1578 3134 Spiritus
1601 3073 1862 3135 congregati
1886 3074 2004 3131 sunt,
2038 3076 2087 3122 ὅτ
2114 3076 2314 3139 separati,
2370 3094 2376 3107 ²

330 3137 463 3182 etiam
480 3136 668 3198 judicati
692 3135 795 3195 sint,
831 3139 877 3185 δε
903 3134 1092 3200 quisque
1115 3138 1315 3187 actutum
1342 3140 1387 3206 in
1412 3137 1491 3204 suo
1516 3138 1635 3199 loce,
1671 3139 1777 3190 boni
1803 3141 1849 3189 in
1866 3140 2002 3191 Coelo
2024 3141 2072 3191 &
2099 3143 2143 3192 in
2167 3143 2316 3189 Socie-

985 3219 1013 3268 3
2225 3220 2315 3257 tate
