2502 3432
526 159 643 227 Du
691 155 1307 230 TELLURIBUS
1357 175 1442 220 1N
1491 150 2002 220 UNIVERSO'.
2175 172 2259 236 23

269 305 420 346 mente
439 293 602 344 faciem
623 291 882 348 ostmdmt,
906 289 1148 354 quodrnec
1170 290 1352 353 pofl‘unt
1368 311 1388 346 ;
1428 290 1671 354 praesentes
1699 289 1844 339 sciunt
1866 290 2000 338 etiam
2014 284 2255 336 manifeste

266 363 391 420 inde,
423 377 520 425 quo
549 360 705 408 animo
738 373 848 421 erga
886 355 928 404 se
964 355 1083 413 sunt,
1122 356 1251 419 quod
1289 372 1373 403 nec
1410 355 1690 403 abscondunt
1708 377 1733 411 ς·
1764 356 1990 419 imprimis
2023 369 2136 402 num
2171 368 2253 416 ap·

262 443 426 492 parens
440 427 640 474 amicum
663 441 722 472 ex
743 423 912 485 fincero
934 421 1004 479 fit,
1046 422 1120 468 vel
1144 437 1255 468 num
1279 437 1337 468 ex
1358 421 1530 468 coa-ao.
1591 423 1725 469 Haec
1748 423 1859 468 mihi
1881 422 2047 471 ostensa
2069 420 2171 468 sunt
2192 419 2249 467 ab

263 495 424 540 eorum
446 491 686 555 spiritibus,
726 491 776 538 &
798 489 1064 536 confirmata
1096 487 1152 535 ab
1173 503 1333 535 eorum
1366 487 1568 550 angelis:
1617 486 1723 533 inde
1757 502 2128 549 quoque.eorum
2161 485 2249 549 spi-

262 560 374 607 ritus
397 558 609 610 videntur
631 573 724 604 non
743 555 862 603 ficut
894 555 974 602 alii
996 554 1180 602 erec‘tim
1216 553 1470 609 ambulare,
1500 552 1574 600 sed
1597 567 1728 616 paene
1749 551 1864 599 ficut
1890 565 2114 600 natatores:
2141 567 2248 616 pro·

262 623 459 689 greffum
490 621 699 687 adjuvare
722 622 948 678 manibus,
987 635 1038 667 ac
1059 636 1140 683 per
1160 620 1283 667 vices
1305 618 1660 682 circumspicere,

297 737 300 738 γ
329 689 408 752 56.
443 689 546 754 Qi
567 691 614 736 in
637 689 781 736 Zonis
814 687 998 736 illorum
1024 685 1180 734 calidis
1201 687 1387 741 vivunt,
1426 686 1540 733 nudi
1562 685 1755 741 vadunt,
1798 683 1937 748 usque
1957 695 2109 731 tamen
2140 698 2248 730 cum

264 755 488 808 §velamine
520 757 695 803 circum
734 753 935 810 lumb03,
974 768 1060 800 nec
1090 750 1360 800 erubescunt
1399 751 1671 807 nuditatem,
1716 766 1824 798 nam
1859 762 2032 798 mentes
2066 749 2249 797 illorum

262 820 400 875 eastae.
415 820 535 879 sunt,
571 837 654 869 nec
684 832 838 868 amant
860 819 940 868 nisi
963 817 1197 881 conjugeS‚
1238 819 1289 866 &
1310 817 1528 865 adulteria
1548 817 1801 865 abhorrent.
1870 817 2081 864 Maxime
2103 815 2251 862 mirati

261 885 382 945 sunt,
417 887 547 951 quod
582 887 776 951 Spiritus
806 884 973 939 nostrae
1008 885 1225 942 TelluriS,
1272 899 1381 931 cum
1419 884 1626 931 audirent
1670 882 1772 931 illos
1806 883 1870 930 ita
1907 882 2153 938 ambulare,
2198 881 2250 928 &

262 953 447 1017 quoque
479 953 564 1002 effe
596 953 766 1009 nudos,
798 951 1125 1009 subsannarent,
1170 951 1215 998 ἃ
1257 951 1509 1013 cogitarent
1549 949 1743 1006 lascive;
1804 950 1855 997 &
1899 949 2027 1013 quod
2070 946 2250 1012 prorsus

262 1019 375 1066 nihil
410 1019 682 1067 attenderint
712 1019 769 1067 ad
802 1019 947 1066 vitam
969 1018 1153 1066 illorum
1186 1016 1436 1073 coelestem,
1478 1015 1552 1064 sed
1593 1015 1737 1063 modo
1768 1016 1825 1063 ad
1850 1015 1986 1064 talia:
2022 1014 2250 1069 dicebant,

274 1084 403 1146 quod
443 1084 531 1132 hoc
554 1086 734 1148 fignum
769 1084 841 1142 fit,
878 1084 1006 1148 quod
1037 1098 1254 1147 corporea
1283 1084 1334 1131 ὅτ
1371 1082 1587 1130 terrestria
1618 1097 1716 1145 prae
1739 1080 1997 1129 coelestibus
2019 1096 2143 1129 curae
2165 1080 2251 1126 illis

257 1147 364 1207 fint,
401 1150 451 1198 &
473 1152 600 1214 quod
624 1150 872 1199 indecentia
902 1161 1181 1213 occumpent
1218 1160 1404 1197 mentes.
1472 1150 1665 1196 Dictum
1686 1147 1750 1195 est
1773 1148 1876 1204 illis,
1910 1148 2038 1212 quod
2073 1147 2269 1194 nuditas>

260 1229 355 1263 non
384 1217 550 1280 pudori
572 1217 625 1264 sit
647 1232 732 1264 nec
753 1215 956 1265 scandalo
990 1217 1078 1263 illis
1109 1216 1190 1279 qui
1229 1216 1276 1262 in
1297 1215 1496 1264 castitate
1520 1216 1578 1264 ’δε
1610 1213 1728 1262 statu
1761 1215 2032 1263 innocentiae
2065 1216 2251 1270 vivunt,

262 1278 338 1327 sed
358 1282 486 1344 quod
510 1282 596 1328 illis
618 1283 697 1343 qui
721 1283 766 1329 in
790 1281 966 1328 lascivia
984 1282 1035 1328 δε
1069 1282 1368 1343 impudicitia.

332 1362 413 1408 57.
448 1346 651 1405 Quando
670 1347 843 1394 Incolae
865 1346 1035 1393 telluris
1058 1346 1177 1392 illius
1199 1346 1368 1392 cubant
1388 1345 1436 1392 in
1458 1345 1593 1401 lecto,
1631 1357 1906 1393 convertunt
1938 1344 2101 1393 faciem
2126 1343 2253 1392 suam

263 1410 518 1458 antrorsum
551 1411 624 1460 seu
649 1413 695 1459 in
719 1411 948 1468 conclave,
989 1427 1082 1459 non
1105 1423 1257 1458 autem
1286 1409 1526 1458 retrorsum
1555 1410 1630 1457 seu
1660 1411 1719 1457 ad
1742 1413 1988 1473 parietem:
2029 1411 2115 1459 hoc
2139 1411 2253 1457 mihi

264 1473 442 1539 spiritus
474 1476 656 1525 illorum
691 1477 940 1534 narrabant,
978 1479 1028 1526 &
1063 1477 1271 1524 dicebant
1303 1470 1510 1533 ca'usam,
1538 1476 1666 1540 quod
1702 1477 1885 1524 credant
1918 1476 1963 1524 se
1992 1474 2152 1524 faciem
2193 1476 2265 1524 fic

261 1542 320 1589 ad
362 1543 618 1590 Dominum
654 1555 842 1599 vertere,
890 1543 923 1589 fi
963 1555 1118 1590 autem
1154 1542 1398 1590 retrorsum
1451 1542 1578 1604 quod
1624 1542 1750 1590 illam
1795 1554 2057 1591 averterent.
2137 1543 2254 1590 Tale

261 1607 376 1718 giihi
428 1608 665 1671 aliquoties
713 1608 972 1662 obvenerat,
1016 1622 1127 1654 curn
1172 1607 1307 1654 effem
1352 1608 1406 1654 in.
1438 1607 1571 1663 ledo,
1618 1606 1694 1653 sed
1734 1608 1857 1656 unde
1907 1607 1958 1655 id
1994 1623 2087 1655 non
2128 1610 2254 1671 prius

282 1687 491 1720 civeram.

275 1783 281 1787 .
330 1742 407 1800 58.
442 1738 684 1787 Dele&ant
710 1735 753 1787 se
788 1738 868 1785 diu
900 1736 1203 1795 comedendo,
1247 1753 1339 1786 non
1364 1738 1424 1786 ita
1454 1754 1515 1787 ex·
1537 1736 1748 1802 jucundo
1769 1737 1877 1796 cibi,
1911 1755 2051 1803 quam
2091 1755 2148 1788 ex
2173 1740 2252 1806 ju-

258 1803 415 1852 cundo
436 1803 650 1853 sermonis
670 1818 796 1853 tunc.
864 1805 994 1853 Dum
1028 1804 1085 1851 ad
1110 1803 1310 1853 mensam
1343 1804 1519 1862 sedent,
1555 1821 1647 1853 non
1679 1806 1834 1853 sedent
1866 1805 1998 1870 super
2031 1805 2143 1855 sellis
2176 1820 2254 1856 aut

171 1930 177 1937 ,
257 1868 486 1928 scammis,
520 1882 599 1919 aut
634 1871 816 1919 elevatis
854 1873 965 1919 toris
1002 1871 1263 1934 gramineis,
1301 1886 1384 1919 nec
1421 1871 1554 1936 super
1575 1871 1727 1928 herba,
1772 1888 1935 1921 verum
1970 1872 2101 1938 super
2133 1872 2254 1922 foliis

258 1932 492 2000 cujusdam
525 1936 728 1994 arbor-is3
768 1953 861 1986 non
897 1938 1046 1986 dicere
1078 1936 1292 1986 volebant
1324 1941 1453 2002 cujus
1490 1938 1668 1987 arboris.
1698 1937 1806 1987 folia
1838 1937 1991 1998 client,
2038 1939 2112 1988 sed
2144 1957 2254 1988 cum

257 2000 408 2064 Plures
428 2018 486 2051 ex
505 2003 763 2068 conjedtura
782 2005 1082 2062 nominarem,
1118 2004 1402 2053 affirmabant
1423 2006 1608 2053 tandem
1632 2021 1740 2054 cum
1764 2006 1960 2054 dicerem
1985 2005 2092 2056 folia
2124 2007 2253 2055 ficus.

249 2065 444 2133 Insuper
481 2069 706 2128 dicebant,
739 2071 867 2134 quod
900 2087 993 2119 non
1030 2084 1285 2135 praeparent
1323 2071 1480 2119 cibum
1518 2071 1765 2120 secundum
1800 2073 2005 2134 gustum,
2052 2073 2127 2121 sed
2162 2075 2252 2121 im—

254 2134 415 2196 primis
438 2135 686 2184 secundum
709 2136 837 2185 usum
860 2159 876 2194 3
916 2137 1109 2201 ajebant,
1142 2139 1270 2202 quod
1295 2138 1423 2186 cibus
1460 2138 1581 2186 utilis
1619 2139 1706 2186 illis
1729 2139 1907 2203 sapidus
1928 2140 1999 2190 fit.
2066 2141 2140 2188 De
2169 2141 2251 2188 hac

258 2214 306 2247 re
339 2200 453 2249 inter
491 2201 671 2266 spiritus
709 2203 856 2252 sermo
889 2202 1031 2252 faCtus
1064 2203 1145 2260 est,
1187 2206 1236 2252 ὅτ
1260 2203 1454 2262 dictum,
1495 2205 1622 2268 quod
1657 2205 1746 2254 hoc
1785 2207 2022 2254 conveniat
2057 2206 2250 2262 homini,

255 2280 364 2318 nam
387 2267 446 2315 fic
469 2269 509 2315 ei
532 2269 660 2316 cordi
683 2268 763 2326 est,
802 2271 928 2333 quod
954 2284 1082 2318 mens
1103 2269 1201 2318 sana
1223 2272 1271 2318 in
1293 2286 1482 2334 corpore
1506 2272 1612 2319 sano
1633 2272 1688 2319 fit
1707 2294 1722 2328 ;
1762 2273 1888 2319 aliter
1910 2289 1960 2318 ac
1982 2273 2103 2334 apud
2129 2272 2246 2327 illos,

257 2332 381 2392 apud
411 2334 540 2394 quod
574 2334 733 2394 gustus
767 2336 978 2394 imperat,
1017 2335 1124 2380 inde
1157 2350 1325 2395 corpus
1355 2349 1568 2395 aegrotat,
1607 2337 1664 2381 ad
1702 2338 1946 2381 minimum
1981 2338 2103 2382 intus
2150 2336 2247 2382 lan-

257 2407 384 2457 guet,
402 2397 720 2459 consequenter
742 2399 877 2443 etiam
905 2411 1048 2452 mens,
1072 2411 1179 2443 nam
1203 2397 1301 2443 haec
1323 2397 1365 2443 se
1388 2398 1506 2459 gerit
1529 2397 1775 2445 secundum
1797 2398 1963 2445 statum
1988 2401 2245 2448 interiorem

256 2461 455 2522 partium
495 2461 806 2524 recipientium
847 2477 954 2526 quae
989 2461 1089 2508 sunt
1125 2462 1343 2525 corporis,
1390 2463 1505 2509 ficut
1541 2460 1662 2509 visus
1692 2465 1742 2513 δε
1783 2465 1963 2512 auditus
1994 2463 2260 2514 secundumv

257 2525 421 2573 statum
446 2525 567 2573 oculi
601 2528 651 2574 &
689 2529 838 2584 auris,
884 2528 990 2576 inde
1024 2526 1187 2576 insania
1225 2529 1351 2591 quod
1392 2529 1439 2576 in
1477 2529 1654 2577 luxurie
1691 2531 1742 2578 δε
1781 2530 2013 2595 voluptate
2050 2542 2245 2596 ponatur

254 2607 392 2639 omne
415 2592 525 2639 vitae
549 2590 845 2656 jucundum,
891 2610 949 2642 ex
979 2610 1036 2641 eo
1068 2595 1205 2642 etiam
1241 2594 1425 2642 obesitas
1460 2595 1506 2641 in
1539 2594 1702 2642 talibus
1734 2611 1841 2658 quae
1874 2599 2159 2660 cogitationis
2191 2603 2254 2648 δε,

247 2656 411 2720 judicii
433 2657 552 2714 sunt,
591 2660 640 2706 ὅτ
665 2658 836 2708 solertia
857 2660 1091 2708 intalibus
1114 2677 1222 2724 quae
1256 2659 1357 2708 sunt
1396 2661 1597 2724 corporis
1635 2662 1685 2708 ὅτ
1726 2663 1922 2719 mundi,
1969 2680 2026 2711 ex
2061 2665 2147 2713 hoc
2185 2665 2241 2712 fit

251 2723 500 2838 j-imilitudo
523 2724 718 2773 hominis
746 2742 855 2775 cum
878 2727 1060 2774 animali
1085 2727 1237 2784 brut0,
1278 2743 1386 2774 cum
1424 2743 1519 2791 quo
1552 2728 1688 2774 etiam
1724 2728 1831 2776 tales
1867 2745 1958 2777 non
1991 2731 2240 2797 incongrue

271 2803 597 2865 excomparant.
744 2857 752 2866 .
1011 2857 1021 2868 ι
1193 2859 1202 2868 ·
1241 2859 1250 2869 ι
1768 2835 1770 2837 ,
1907 2862 1918 2872 ⁶
1940 2862 1951 2876 ι
2110 2863 2120 2873 .

253 2856 1274 2987 sed⁵1⁹fftss¹ssi³s¹ssffissssissdfissiffirss‘ffieffic
1293 2857 1629 2983 ἓῇῗῖἒὲῗῖὲὲζ
1651 2859 2253 2994 ὃῗὲῗῑῗὲἒὲἒὲηἷῗῗὲῗὲ

253 2989 462 3051 punzstata
496 2988 606 3035 ficut
629 2988 811 3036 stellulis
851 2990 908 3036 ad
947 2991 1194 3052 imaginem
1219 2992 1361 3047 coeli,
1408 3009 1511 3041 nam
1550 2994 1715 3040 volunt
1750 2995 1869 3040 intus
1904 2995 2114 3043 inducere
2154 2999 2237 3044 do·
2266 3040 2268 3042 ,

254 3053 402 3101 mibus
427 3054 510 3100 suis
546 3053 675 3101 instar
699 3056 807 3102 cneii
841 3055 1110 3119 aspectabilis
1146 3072 1254 3104 cum
1292 3057 1377 3105 suis
1416 3058 1650 3116 sideribus,
1685 3061 1811 3117 causa
1841 3059 1923 3117 est,
1962 3063 2068 3125 quia
2103 3063 2239 3118 sidera

252 3120 439 3167 credunt
474 3120 705 3169 domicilia
730 3122 1017 3185 Angelorum
1056 3121 1152 3171 eise.
1227 3124 1415 3174 Habent
1456 3128 1592 3190 etia-m
1634 3127 1870 3184 Tentoria,
1915 3144 2021 3193 quae
2058 3127 2243 3189 superne

2100 3207 2255 3242 rotun·
