2502 3432
322 216 407 281 30
640 194 785 257 DE
853 192 1355 259 ULTIMO
1438 196 1978 286 Junrclo

318 337 410 370 non
446 318 578 367 fimul
600 317 864 376 voluntatis,
898 332 1010 367 tunc
1045 319 1323 378 evanescant,
1360 323 1588 385 quianon
1619 323 1720 371 sunt
1754 324 1799 370 in
1828 324 2031 381 homine,
2064 340 2095 371 n
2122 344 2132 373 ε
2158 331 2302 391 9282.

317 389 409 433 Seu
429 385 558 448 quod
580 386 741 434 eodem
764 387 937 442 recidit,
971 387 1097 450 quod
1138 388 1278 434 homo
1311 387 1412 451 post
1452 401 1646 437 mortem
1689 403 1863 437 maneat
1903 390 2014 437 ficut
2050 391 2143 452 eius
2178 406 2308 442 arnor

315 452 384 500 est
412 453 461 499 δε
498 453 602 499 inde
635 452 765 509 fides,
800 465 876 500 aut
914 452 1028 500 ficut
1065 451 1163 516 ejus
1196 453 1369 500 bonurn
1400 455 1454 502 ὅτ
1496 455 1598 502 inde
1629 471 1805 512 verum,
1841 457 1890 503 ὅτ
1913 457 2038 519 quod
2062 473 2172 520 quae
2202 459 2310 506 fidei

318 518 425 567 funt
465 520 512 566 ὅτ
551 533 642 566 non
688 519 820 567 fimul
863 521 1044 575 amoris,
1097 518 1170 566 seu
1215 534 1321 581 quae
1358 521 1451 566 veri
1487 520 1588 568 sunt
1628 524 1676 570 &
1715 538 1806 568 non
1850 522 1981 569 fimul
2027 523 2149 580 boni,
2199 536 2310 571 tunc

322 584 602 640 evanescant,
653 587 759 647 quia
794 600 885 632 non
925 584 1026 632 sunt
1063 586 1109 632 in
1150 585 1351 642 homine,
1398 586 1594 634 ita.non
1638 587 1851 644 hdrniniQ
1891 605 1934 634 -n
1969 607 1980 637 :
2018 605 2128 652 553.
2165 591 2309 653 2364.

326 667 416 700 101
427 669 453 715 5
462 667 505 712 3.
574 651 721 709 Quod
758 651 901 699 horno
934 653 1064 714 poffit
1095 651 1320 698 intellectu
1355 667 1527 714 capere,
1562 654 1687 716 quod
1729 670 1818 700 non
1855 669 1911 700 ex
1933 655 2164 702 voluntate
2188 656 2318 712 facit,

321 717 396 763 seu
417 716 547 781 quod
569 719 703 781 poffit
724 717 969 779 intelligere
1001 717 1128 781 quod
1161 733 1253 765 non
1286 717 1433 782 potest
1456 718 1587 775 velle,
1623 720 1730 781 quia
1766 731 1925 766 eontra
1959 737 2161 768 amorem
2197 720 2310 782 eiua,

323 799 386 830 n:
415 800 564 847 3539.
631 783 778 845 Qod
813 783 955 830 homo
990 798 1114 847 aegre
1146 782 1249 831 sciat
1282 784 1552 848 distinguere
1575 787 1688 831 inter
1712 785 1980 846 cogitare&
2004 787 2135 844 velle,
2171 787 2312 842 causa,

319 865 385 896 n:
411 867 440 910 9
488 898 491 901 ,
519 866 558 897 r.
1125 892 1128 895 .

389 867 547 972 Qggm
581 913 812 978 perversus
847 913 985 962 status
1021 914 1086 963 est
1125 916 1247 980 apud
1282 932 1398 979 quos
1421 916 1676 964 Intellectus
1711 916 1759 962 ὅτ
1781 916 2003 963 Voluntas
2037 934 2130 964 non
2168 934 2313 965 unum

319 991 483 1044 agunt,
519 997 581 1028 n:
606 994 772 1045 9075.·
824 981 971 1047 Qod
995 981 1093 1029 talis
1117 982 1252 1030 status
1274 982 1327 1030 fit
1352 983 1471 1046 apud
1497 983 1768 1047 hypocritas,
1805 983 2000 1040 dolosOS,
2035 984 2316 1032 assentatores

318 1048 373 1096 &
394 1046 690 1104 stimulatores,
725 1063 755 1094 n
782 1065 794 1095 :
821 1050 967 1111 4326.
994 1065 1137 1113 3573.
1163 1065 1308 1114 4799.
1338 1054 1504 1112 8250.-

391 1113 533 1170 Quod
572 1113 722 1160 omnis
744 1112 967 1161 Voluntas
1002 1116 1110 1163 boni
1149 1118 1199 1164 &
1238 1116 1341 1162 inde
1382 1115 1637 1162 Intellectus
1661 1115 1787 1170 Veri,
1825 1114 1875 1160 s1t
1916 1131 1939 1161 a
1962 1116 2187 1170 Domino,
2222 1130 2313 1162 non

322 1179 383 1225 ita
415 1179 672 1228 Intellectus
694 1179 804 1227 Veri
838 1179 1057 1244 separatus
1086 1198 1111 1228 a
1135 1181 1379 1228 Voluntate
1402 1181 1525 1236 boni,
1562 1197 1591 1226 n
1618 1199 1628 1228 :
1659 1185 1796 1243 1831.
1825 1195 1966 1243 3514.
1996 1184 2141 1242 5483.
2171 1182 2317 1242 5649.

323 1245 466 1308 6027.
496 1248 636 1308 8685.
665 1250 809 1311 8701.
842 1264 1013 1311 10153.
1087 1248 1228 1304 Quod
1253 1248 1508 1294 Intellectus
1550 1246 1603 1293 fit
1641 1249 1719 1309 qui
1757 1246 1997 1293 illustratur
2036 1263 2060 1292 a
2093 1247 2315 1303 Domino,

325 1327 356 1357 n
384 1328 394 1357 :
422 1313 566 1358 6222.
593 1311 736 1361 6608.
770 1313 941 1377 10659.
1013 1313 1158 1370 Quod
1181 1313 1435 1359 Intellectus
1456 1311 1711 1379 illustretur,
1746 1325 1966 1374 quantum
1997 1312 2136 1359 homo
2158 1312 2319 1374 recipit

321 1392 484 1423 verum
524 1377 774 1433 voluntate,
818 1378 905 1425 hoc
945 1378 1024 1434 est,
1077 1390 1300 1440 quantum
1340 1377 1441 1423 vult
1483 1376 1624 1423 facere
1670 1377 1916 1423 secundum
1964 1378 2027 1433 id,
2078 1394 2107 1423 n
2133 1394 2144 1423 ε
2174 1379 2316 1441 3619.

325 1442 471 1505 Qod
495 1442 746 1489 Intellestui
785 1442 837 1489 fit
873 1444 954 1489 lux
990 1460 1015 1489 e
1039 1443 1194 1498 Coelo,
1231 1443 1341 1489 ficut
1366 1442 1479 1489 visui
1512 1442 1590 1488 lux
1625 1458 1649 1488 e
1685 1443 1877 1499 mundo,
1914 1459 1977 1491 n:
2011 1458 2149 1506 1524.
2173 1459 2317 1505 5114.

324 1507 468 1555 6608.
497 1513 640 1572 9128.
712 1508 858 1568 Quod
883 1508 1138 1555 Intellectus
1162 1508 1258 1555 talis
1284 1508 1352 1564 fit,
1389 1507 1534 1571 qualia
1569 1506 1670 1554 sunt
1692 1524 1796 1555 vera
1817 1525 1872 1555 ex
1896 1509 2033 1566 bono,
2070 1525 2126 1556 ex
2152 1508 2319 1572 quibus

323 1571 546 1620 formatus
579 1573 659 1630 est,
696 1591 726 1621 n
753 1591 764 1620 ε
799 1577 972 1636 10064.
1043 1574 1188 1633 Quod
1213 1574 1469 1621 Intellectus
1494 1574 1545 1619 fit
1568 1575 1647 1636 qui
1667 1574 1729 1621 est
1753 1591 1807 1620 ex
1832 1577 1946 1622 veris
1969 1591 2075 1638 quae
2100 1591 2156 1622 ex
2178 1575 2319 1630 bono,

323 1651 416 1686 non
453 1652 602 1686 autern
637 1640 718 1701 qui
748 1639 812 1686 est
843 1656 899 1686 ex
936 1640 1050 1686 falfis
1079 1655 1185 1700 quae
1215 1656 1239 1686 a
1273 1640 1410 1694 malo,
1447 1655 1508 1685 n:
1542 1639 1712 1700 10675.
1785 1641 1929 1701 Qod
1970 1641 2224 1686 Intellectus
2266 1639 2318 1685 fit

323 1706 570 1766 videre-*ex
605 1704 691 1750 illis
717 1714 833 1766 ‘quae
863 1705 1150 1767 experientiae
1183 1705 1233 1750 &
1266 1704 1458 1750 scientiae
1497 1702 1612 1758 sunt,
1648 1719 1769 1759 vera,
1806 1704 1951 1750 causas
1974 1719 2317 1759 rerum,·nexus

323 1770 376 1818 ὅτ
411 1768 726 1832 consequentia
764 1771 810 1816 in
853 1769 973 1827 serie,
1011 1786 1040 1816 n
1067 1788 1077 1817 :
1105 1771 1248 1831 6125.
1320 1769 1464 1833 Qod
1490 1769 1745 1816 Intellectus
1772 1770 1824 1815 {it
1847 1770 2000 1817 videre
2025 1773 2075 1818 ὅτ
2094 1771 2319 1833 percipere

325 1850 440 1883 num
479 1850 641 1882 verum
683 1834 738 1882 fit
775 1847 1012 1899 antequam
1053 1835 1363 1891 confirmatur,
1401 1849 1491 1881 non
1527 1846 1676 1881 autern
1712 1835 1832 1897 poffe
1869 1836 2136 1883 confirmare
2169 1835 2318 1898 quod-

325 1916 524 1965 cunque,
558 1917 590 1948 n
617 1918 628 1947 z
653 1917 798 1965 4741.
827 1914 969 1960 7012.
996 1903 1140 1966 7680.
1167 1917 1312 1966 7950.
1342 1904 1483 1962 8521.
1507 1903 1650 1961 8780.
1720 1901 1867 1957 Quod
1903 1902 2055 1948 videre
2088 1901 2321 1963 &perci-

323 1978 430 2031 pere
462 1983 576 2015 num
601 1983 762 2014 verum
787 1967 840 2013 fit
861 1980 1100 2031 antequam
1131 1969 1440 2022 confirmatur,
1473 1965 1615 2012 solum
1653 1966 1784 2012 detur
1814 1967 1936 2029 apud
1971 1967 2070 2013 illos
2108 1967 2188 2029 qui
2223 1967 2318 2013 affi-

326 2034 510 2081 ciuntur
531 2049 640 2080 vero
671 2045 855 2096 propter
876 2050 1055 2089 verum,
1091 2034 1150 2080 ita
1167 2035 1246 2096 qui
1280 2033 1323 2078 in
1360 2033 1459 2078 luce
1492 2031 1703 2094 spirituali
1729 2031 1844 2087 sunt,
1883 2049 1941 2078 n:
1972 2037 2114 2094 8521.
2172 2032 2316 2093 Qod

326 2100 782 2162 luxeonfirrnationis
805 2099 857 2146 fit
875 2100 954 2147 lux
973 2100 1197 2155 naturalis,
1223 2098 1380 2145 dabilis
1403 2099 1538 2144 etiarn
1564 2098 1683 2160 apud
1710 2097 1869 2153 malos,
1907 2113 1935 2143 n
1956 2115 1969 2144 ι
1992 2102 2133 2160 8780.
2170 2097 2316 2158 Quod

327 2167 485 2215 omnia
505 2167 723 2229 dogmata
757 2166 891 2213 etiam
928 2165 1032 2213 falsa
1064 2165 1322 2213 confirmari
1355 2166 1533 2228 poffint,
1571 2163 1707 2227 usque
1731 2176 1782 2209 ut
1804 2175 2038 2226 appareant
2061 2163 2173 2209 ficut
2195 2177 2318 2217 vera,

328 2249 391 2282 n:
415 2235 558 2294 2482.
579 2249 722 2297 2490.
751 2248 898 2299 5033.
920 2233 1064 2294 6365.
1087 2248 1230 2297 7950.

330 2389 567 2513 Qod
599 2399 879 2506 omnia,
945 2428 1112 2508 quae
1155 2398 1225 2476 in
1263 2392 1706 2506 Apocalypfi
1747 2391 2094 2505 praedifssa
2132 2394 2322 2495 sunt,

943 2510 1161 2590 hodie
1201 2511 1499 2618 impleta
1540 2507 1692 2587 fint.

337 2716 415 2760 40.
578 2697 753 2746 EMO
783 2698 890 2746 scire
925 2698 1072 2764 potest
1105 2698 1218 2763 quid
1253 2696 1503 2761 significant
1526 2696 1575 2743 &
1600 2693 1842 2742 involvunt
1863 2694 2018 2742 omnia
2048 2694 2121 2742 illa
2150 2710 2256 2758 quae
2276 2694 2322 2740 in

381 2819 386 2821 ξ
435 2699 572 2825 N
615 2765 891 2830 Apocalypfi
915 2767 1217 2820 continentur,
1254 2764 1333 2811 nifi
1358 2763 1459 2810 sciat
1481 2761 1653 2822 sensum
1685 2763 1911 2809 internum
1946 2761 2019 2807 seu
2047 2759 2321 2824 *spiritualem

337 2830 512 2885 νει-δὶς
546 2833 654 2878 ‘narn
691 2833 911 2896 quicquid
949 2833 1011 2879 ibi
1050 2832 1131 2888 est,
1167 2831 1298 2879 fimili
1337 2829 1452 2893 stylo
1491 2828 1794 2892 conscriptum
1831 2827 1911 2884 est,
1946 2826 2321 2890 quo··sunt·Pro-

338 2896 514 2959 phetica
547 2897 722 2944 Veteris
757 2898 1053 2955 Testamenti,
1108 2899 1152 2945 in
1190 2898 1354 2961 quibus
1394 2896 1656 2959 unaquaevis
1695 2910 1788 2942 vox
1833 2894 2052 2957 fignificat
2085 2890 2320 2953 spirituale,

339 2959 466 3023 quod
491 2975 582 3006 non
605 2977 784 3024 apparet
807 2966 851 3010 in
878 2964 998 3012 sensu
1025 2966 1192 3011 literae:
1230 2977 1442 3027 praeterea
1465 2963 1553 3020 illa,
1589 2977 1695 3025 quae
1719 2962 1764 3007 in
1790 2957 2063 3024 Apocalypsi
2090 2955 2206 3012 sunt,
2243 2973 2324 3003 nec

340 3026 521 3090 pofl’unt
559 3028 769 3087 explicari
809 3032 959 3090 quoad
998 3031 1168 3078 sensum
1210 3030 1481 3094 spiritualem
1522 3028 1601 3075 nis1
1640 3028 1695 3074 ab
1732 3027 1809 3073 illo
1853 3027 1933 3088 qui
1970 3024 2049 3069 scit
2086 3023 2325 3085 quomodo

339 3107 448 3140 cum
473 3091 672 3138 Ecclefia
710 3094 976 3140 transactum
1017 3097 1077 3142 est
1114 3097 1254 3159 usque
1287 3097 1342 3142 ad
1384 3095 1521 3141 finem
1561 3093 1672 3157 ejus,
1709 3094 1758 3140 &
1793 3093 1878 3138 hoc
1913 3088 2012 3137 sciri
2051 3103 2142 3135 non
2178 3088 2323 3151 potest

342 3174 480 3222 quam
521 3158 567 3205 in
602 3156 756 3214 Coele,
793 3158 840 3204 δε
879 3159 924 3205 id
965 3160 1028 3206 est
1064 3163 1189 3225 quod
1228 3162 1274 3207 in
1298 3159 1574 3222 Apocalypsi
1601 3160 1895 3207 continetur:
1930 3155 2079 3219 agitur
2114 3156 2235 3267 cuir?
2277 3156 2323 3266 ἔτι

2222 3236 2275 3267 en
2297 3235 2325 3266 u
