2502 3432
580 168 712 233 ET
749 135 1359 255 Bantoma
1405 163 2093 230 DESTRUCTA.
2271 181 2352 244 17

361 298 497 355 visus,
534 314 645 347 nam·
676 295 799 344 visus
830 294 970 356 etiam
1002 292 1069 342 est
1104 293 1320 349 influxus,
1357 308 1448 340 non
1483 305 1632 340 antem
1655 295 1861 342 viciffim.
1930 291 2186 356 Spiritualis
2205 290 2349 338 homo

357 365 421 411 est
443 367 523 428 qui
546 377 734 423 vocatur
752 361 947 424 Spiritus
966 359 1184 415 hominis,
1218 360 1270 406 δι
1290 359 1372 422 qui
1406 371 1589 422 apparet
1611 360 1658 404 in
1682 359 1870 407 Mundo
1906 358 2121 423 spirituali
2158 359 2205 404 in
2243 373 2345 420 per-

355 429 471 478 fefia
491 429 638 476 forma
654 429 867 481 hnmana,
901 425 952 472 sc
973 426 1056 488 qui
1077 426 1196 472 vivit
1216 424 1317 488 post
1342 437 1553 471 mortem.
1611 425 1738 481 Quia
1760 425 2064 488 Intelligentes
2086 438 2178 471 non
2201 422 2343 470 scive-

353 508 461 542 runt
481 494 653 558 aliquid
672 493 733 548 de
754 491 981 555 spirituali
1004 492 1209 547 Mundo,
1245 490 1436 552 proinde
1459 506 1542 537 nec
1563 489 1735 552 aliquid
1760 490 1818 536 de
1841 490 2010 552 Spiritu
2034 490 2249 545 hominis,
2284 502 2340 536 ut

350 560 482 623 supra
512 560 688 606 dietum
718 556 802 614 cst,
834 557 939 603 ideo
970 566 1186 620 ceperunt
1216 557 1382 612 ideam,
1416 556 1544 620 quod
1566 556 1708 602 homo
1729 570 1823 602 non
1844 557 1999 601 vivere
2021 557 2153 617 poffit
2176 556 2335 611 homo,

347 623 607 689 priulqizam
627 621 724 686 ejus
743 617 894 671 anima
916 623 1077 670 rediret
1098 625 1146 670 in
1168 637 1351 688 corpus,
1385 623 1434 670 δι
1454 620 1706 669 reindueret
1738 618 1833 684 ejus
1865 619 2010 667 sensus
2030 637 2044 666 ε
2080 620 2185 666 inde
2221 633 2338 671 ,οι-τε

345 690 450 750 liant
467 704 563 739 tam
586 705 716 736 vanae
751 690 867 735 ideae
895 689 953 736 de
977 689 1316 736 Resurreffione
1338 689 1554 745 hominis,
1588 688 1717 751 quod
1741 702 1906 749 nempe
1925 701 2131 749 corpora,
2166 686 2338 733 etiamst

348 748 625 804 a‘vermibus
643 756 694 803 δε
717 755 910 821 piscibus
932 753 1070 810 exesa,
1104 757 1155 802 δι
1179 756 1225 802 in
1249 755 1482 818 pulverem
1517 754 1695 818 prorsus
1730 752 1916 816 dilapsa,
1950 768 2007 800 ex
2029 752 2198 798 Divina
2217 752 2339 798 Orn-

348 823 596 886 nipoexntia
617 821 919 884 recolligenda
938 821 1090 877 cffent,
1123 822 1175 868 δε
1197 821 1432 868 animabus
1453 820 1722 875 reunienda;
1755 821 1806 867 δε
1828 819 1955 882 quod
1979 818 2067 865 hoc
2089 833 2182 865 non
2204 817 2339 864 exsti·

347 899 504 949 turum
528 888 605 944 fit,
636 903 775 951 quam
813 888 861 934 in
898 887 988 934 fine
1024 887 1203 943 mundi,
1238 886 1422 949 quando
1460 886 1719 933 universum
1757 884 2017 948 aspectabile
2049 885 2335 939 interiturum

346 953 443 1009 est3
474 966 638 1019 praeter
659 953 791 1016 plura
812 954 987 1009 similia,
1020 969 1130 1016 quae
1166 955 1319 1000 omnia
1350 953 1577 1000 excedunt
1611 964 1817 1015 captum,
1851 952 1902 998 δε
1924 966 2031 1013 quae
2052 951 2108 997 ad
2132 951 2337 1015 primum

344 1019 563 1067 intuitum
587 1021 750 1066 mentis
772 1019 1022 1066 obveniunt
1041 1019 1339 1082 impoffibilia,
1373 1020 1425 1066 ὅτ
1447 1032 1605 1065 contra
1625 1019 1852 1065 Divinum
1870 1017 2094 1063 Ordinem
2111 1038 2128 1070 ;
2161 1015 2339 1063 &inde

343 1101 528 1149 quoque
549 1085 692 1133 fidem
716 1084 918 1148 plurium
942 1086 1176 1132 infirmant
1193 1106 1211 1141 ;
1245 1101 1352 1132 narn
1374 1087 1455 1147 qui
1478 1100 1535 1131 ex
1561 1084 1767 1148 sapientia
1789 1084 2009 1145 cogitant,
2044 1098 2138 1128 non
2157 1083 2338 1128 credere

344 1151 528 1213 poffunt
563 1152 643 1198 nifi
682 1151 810 1215 quod
846 1152 998 1214 aliquo
1036 1151 1180 1198 modo
1216 1151 1626 1214 comprehendunt,
1658 1151 1711 1197 δε
1735 1150 1848 1196 fides
1870 1148 2210 1211 impoffibilium
2242 1164 2335 1195 non

346 1217 496 1272 datur,
529 1217 617 1265 hoc
636 1218 720 1274 est,
755 1217 868 1263 fides
891 1218 1048 1264 talium
1070 1233 1179 1280 quae
1200 1217 1343 1277 homo
1364 1219 1536 1280 cogitat
1556 1217 1639 1264 effe
1661 1215 1980 1279 impoffibilia:
2013 1215 2120 1261 inde
2148 1229 2336 1278 quoque

344 1296 666 1344 argumentum
707 1284 956 1345 negationis
991 1283 1236 1330 desumunt
1266 1283 1349 1339 illi,
1380 1286 1462 1345 qui
1487 1299 1578 1331 non
1601 1282 1794 1330 credunt
1816 1283 1958 1328 vitam
1980 1280 2082 1344 post
2105 1293 2332 1327 mortem:

347 1345 420 1392 sed
459 1347 584 1410 quod
624 1348 766 1395 homo
803 1347 950 1394 statim
985 1349 1084 1410 post
1119 1348 1297 1394 obitum
1329 1349 1541 1411 resurgat,
1577 1351 1626 1396 &
1658 1349 1784 1411 quod
1826 1348 1878 1394 fit
1912 1361 2023 1393 tunc
2060 1348 2107 1393 in
2142 1345 2336 1408 perfecie

349 1410 497 1459 forma
515 1413 725 1468 humana,
759 1413 964 1459 videatur
987 1415 1032 1458 in
1056 1414 1207 1475 Opere
1228 1413 1285 1458 de
1306 1414 1447 1460 Coelo
1475 1416 1524 1459 δι
1547 1412 1746 1468 Inferno,
1779 1415 1830 1459 δι
1854 1414 1915 1458 ibi
1938 1413 1985 1458 in
2009 1412 2214 1473 pluribus
2238 1414 2333 1458 Ar-

346 1473 513 1525 ticulis.
578 1479 712 1525 Haec‘
740 1477 862 1525 di&
899 1477 1015 1534 sunt,
1049 1491 1102 1525 ut
1133 1478 1282 1524 adhuc
1315 1478 1626 1532 confirmetur,
1660 1478 1788 1540 quod
1811 1477 2003 1524 Coelum
2025 1478 2070 1522 δι
2097 1476 2340 1524 Ιοῐεηωηῐ

342 1543 430 1590 fint
448 1559 506 1590 ex
532 1544 752 1590 Humane
773 1543 949 1592 Genere
965 1566 983 1598 3
1015 1559 1074 1590 ex
1093 1558 1190 1606 quo
1211 1542 1514 1606 consequitur,
1546 1543 1675 1605 quod
1712 1558 1872 1590 omnes
1904 1554 2201 1605 quotcunque
2238 1545 2333 1589 nati

339 1607 457 1719 {unt
477 1608 684 1655 homines
717 1623 745 1654 a
776 1609 1002 1671 principio
1035 1610 1287 1663 creationiS,
1334 1609 1386 1655 δε
1420 1607 1642 1663 defunffi,
1675 1607 1762 1655 fint
1794 1609 1846 1657 in
1880 1608 2021 1655 Coelo
2058 1609 2133 1655 vel
2171 1609 2219 1654 in
2257 1609 2332 1655 ln-

360 1688 487 1721 emo.
1298 1703 1316 1718 .
1806 1687 1814 1692 ·

407 1754 489 1802 25·
525 1738 656 1803 Quod
672 1741 804 1786 omnis
824 1739 942 1786 homo
961 1737 1049 1800 post
1071 1741 1211 1787 vitam
1234 1740 1280 1786 in
1300 1740 1450 1788 mundo
1471 1742 1605 1787 vivat
1628 1742 1675 1787 in
1695 1750 1915 1796 eternum,
1948 1738 2120 1787 constat
2157 1755 2217 1787 ex
2257 1756 2330 1797 eo,

335 1806 468 1866 quod
500 1817 610 1852 tunc
645 1804 788 1852 homo
823 1805 1062 1869 spiritualis
1098 1805 1167 1863 lit,
1203 1807 1254 1854 δε
1276 1823 1368 1854 non
1391 1807 1587 1869 amplius
1610 1807 1840 1863 naturalis,
1876 1808 1925 1854 δε
1948 1806 2076 1869 quod
2098 1804 2126 1852 s
2148 1807 2331 1854 iritualis

339 1869 482 1917 homo
515 1871 735 1933 separatus
756 1887 783 1917 a
802 1871 990 1918 naturali
1012 1886 1188 1919 maneat
1208 1873 1354 1935 qualis
1374 1872 1439 1920 est
1461 1875 1508 1919 in
1530 1885 1771 1927 aeternum,
1807 1888 1915 1919 nam
1951 1872 2093 1919 status
2114 1822 2330 1920 {ominis

329 1947 432 1983 'non
455 1938 619 1983 mutari
639 1935 784 1999 potest
804 1936 906 1999 post
927 1947 1138 1984 mortem.
1207 1939 1426 1987 Praeterea
1461 1938 1683 2002 spirituale
1714 1936 1911 2002 cujusvis
1932 1938 2130 1986 hominis
2149 1940 2197 1986 in
2220 1955 2331 1986 oon-

332 1998 564 2062 junffione
584 2002 648 2058 est
668 2017 778 2048 cum
801 2003 992 2057 Divino,
1025 2004 1243 2067 quoniam
1283 2005 1331 2052 id
1370 2004 1515 2069 potest
1552 2009 1751 2068 cogitare
1781 2005 1841 2051 de
1860 2005 2037 2052 Divino
2065 2006 2116 2052 δε
2146 2019 2330 2068 quoque

336 2066 483 2129 potest
521 2083 671 2114 amare
690 2067 938 2124 Divinum,
972 2070 1023 2116 δε
1059 2070 1176 2118 affici
1215 2071 1430 2118 omnibus
1467 2087 1575 2134 quae
1610 2088 1636 2118 a
1670 2072 1846 2118 Divino
1884 2070 2002 2126 sunt,
2036 2070 2186 2134 qualia
2227 2071 2330 2118 sunt

238 2180 243 2181 ⁷
336 2147 444 2195 quae
474 2132 673 2180 Ecclelia
707 2134 859 2191 docet,
894 2135 1085 2198 proinde
1123 2135 1225 2183 con’
1328 2138 1541 2184 iDivino
1563 2154 1589 2185 c
1657 2138 1839 2184 'tatione
1859 2137 1910 2184 &
1934 2137 2185 2193 voluntate,
2218 2153 2326 2200 quae

335 2196 456 2244 binae
485 2198 711 2246 facultates
741 2199 843 2247 sunt
875 2201 1110 2264 spiritualis·
1143 2151 2071 2258 mm
1654 2205 1789 2265 ,usvi
1793 2203 2080 2266 tamquod
2120 2206 2182 2250 ita
2217 2218 2351 2249 con-1

327 2277 466 2376 {2⁰3¹
476 2264 644 2386 5⁶3¹}
666 2266 2325 2397 gssngbfflnugstnssffiffioffissffiffissffi

333 2395 486 2454 quoad
509 2377 972 2449 W&
995 2395 1142 2442 forma
1162 2397 1272 2442 coeli
1292 2397 1356 2442 est
1386 2413 1444 2444 ex
1463 2397 1568 2459 Ipso
1594 2399 1782 2452 Divino,
1817 2411 1870 2443 ut
1891 2398 2088 2443 constare
2110 2397 2255 2459 potest
2276 2399 2326 2444 in

333 2459 487 2520 Opere
509 2458 565 2504 de
587 2458 726 2506 Coelo
746 2460 798 2507 &c
820 2457 1019 2517 biferno,
1053 2462 1132 2507 ubi
1170 2460 1396 2509 ostensum
1430 2461 1510 2517 est,
1545 2462 1692 2520 Quod
1714 2463 1944 2508 Divinum
1966 2463 2159 2510 Domini
2191 2461 2323 2510 faciat

334 2524 384 2570 δι
407 2523 570 2571 formet
591 2524 802 2581 Coelum,
836 2541 867 2571 n
892 2543 904 2573 :
933 2526 1040 2591 7ad
1068 2543 1145 2583 12,
1181 2529 1229 2575 &
1253 2543 1316 2574 n:
1346 2530 1404 2590 78
1430 2527 1486 2574 ad
1514 2527 1589 2575 86.
1658 2527 1805 2586 Quod
1839 2528 1982 2574 homo
2001 2541 2174 2575 creatus
2196 2528 2252 2576 fit
2268 2542 2323 2576 ut

335 2588 387 2635 fit
410 2589 599 2636 Coelurn
620 2591 666 2637 in
690 2592 879 2640 minima
898 2593 1067 2655 effigie,
1104 2609 1161 2641 n:
1189 2611 1267 2655 57.
1322 2593 1470 2657 Qod
1491 2592 1685 2641 Coelum
1706 2594 1753 2639 in
1775 2605 1877 2640 toto
1897 2594 2141 2656 complexu
2164 2593 2323 2643 referat

333 2671 478 2702 unum
503 2655 779 2713 Hominem,
813 2674 875 2704 n:
902 2675 964 2722 59
987 2659 1046 2705 ad
1070 2660 1148 2707 66.
1218 2660 1365 2723 Qod
1399 2660 1504 2706 inde
1527 2659 1736 2722 Angelus
1771 2659 1825 2705 fit
1858 2662 1909 2707 in
1942 2656 2318 2722 perfeffa‘forma

331 2720 541 2776 humana,
577 2726 642 2767 n:
671 2739 729 2785 73
752 2722 812 2768 ad
836 2739 936 2787 77³
973 2725 1183 2787 Angelus
1222 2725 1286 2771 est
1324 2726 1467 2773 homo
1502 2726 1653 2788 quoad
1678 2723 1901 2788 spirituale
1920 2724 2068 2773 suum.
2132 2727 2209 2774 De
2233 2726 2318 2774 hac

332 2801 378 2832 re
400 2786 634 2848 aliquoties
666 2790 802 2834 etiam
837 2789 1053 2851 loquutus
1092 2789 1190 2836 sum
1227 2805 1338 2836 curn
1363 2791 1572 2853 Angelis,
1605 2790 1688 2852 qui
1709 2790 1841 2837 valde
1862 2792 2011 2839 mirati
2034 2790 2152 2848 sunt,
2184 2793 2316 2856 quod

330 2867 387 2898 ex
410 2852 496 2898 illis
519 2854 599 2915 qui
622 2853 669 2899 in
693 2851 944 2900 Christiano
966 2855 1095 2906 Orbe
1117 2855 1423 2917 intelligentes
1444 2857 1675 2912 dicuntur,
1709 2857 1760 2903 &
1781 2871 1968 2919 quoque
1987 2857 2045 2904 ab
2062 2858 2162 2904 aliis
2182 2860 2317 2906 intel-

245 2941 254 2948 ·
330 2916 519 2980 ligentes
555 2918 638 2964 effe
675 2918 937 2974 creduntur,
971 2922 1189 2981 permulti
1225 2919 1327 2976 sint,
1360 2922 1442 2984 qui
1474 2938 1500 2968 a
1531 2921 1623 2968 fide
1655 2920 1734 2968 sua
1764 2921 1943 2984 prorsus
1977 2921 2184 2986 rejiciunt
2206 2928 2317 2971 vitae

333 2981 425 3030 suae
446 2984 852 3040 immortalitatem,
887 2986 1113 3032 credentes
1135 2986 1333 3033 animam
1366 2986 1565 3034 hominis
1599 3002 1730 3050 aeque
1761 2988 1957 3050 diffipnri
1985 2988 2086 3051 post
2120 3003 2316 3037 mortem

329 3046 442 3096 ficut
459 3051 612 3097 anima
636 3048 801 3106 bestiae,
836 3066 929 3097 non
945 3053 1237 3114 percipientes
1253 3053 1364 3099 vitae
1387 3051 1623 3100 discrimen
1645 3053 1763 3100 inter
1783 3053 2015 3101 bominem
2040 3055 2087 3101 &
2114 3054 2317 3110 bestiam,

326 3113 454 3190 ‘¹¹¹⁰.d
486 3115 630 3196 homo
659 3117 792 3181 poffit
822 3117 1021 3180 cogitare
1043 3116 1174 3182 supra
1195 3116 1257 3176 se,
1293 3119 1351 3166 de
1370 3119 1493 3233 Dea,
1527 3119 1586 3167 de
1606 3119 1764 3175 Coelo,
1798 3119 1856 3167 de
1877 3121 2069 3177 Amore,
2103 3120 2317 3231 de’Ficgi,

2342 2148 2363 2173 ᾳ,

2351 2216 2359 2240 3

2342 2278 2361 2299 Ἰ
