2502 3432
558 147 692 220 ET
737 143 1343 212 BABYLoNlA
1391 145 2072 212 nEsTRucTA.
2247 167 2327 230 25

339 281 477 340 Vera,
508 295 567 330 ex
602 279 770 344 quibus
806 276 1046 326 DoEtrinae
1073 275 1397 332 Ecclesiarum,
1435 275 1634 338 spectant
1672 275 1808 324 solam
1848 276 2006 333 fidem,
2051 286 2327 340 quapropter

334 359 556 396 vocantur
577 344 815 395 Doctrinae
832 343 962 400 fidei,
992 343 1043 390 δι
1065 357 1157 389 non
1179 341 1378 406 spectant
1398 342 1561 398 vitam,
1596 344 1646 388 ὅτ.
1670 341 2337 407 QQQ.
2416 383 2420 400 ,-

335 412 477 461 fidem
499 413 550 463 ὅτ
635 427 665 460 n
722 411 828 459 'tam
886 424 981 457 non
1079 407 1197 456 ffunt
1331 424 1353 454 r
1411 407 1646 466 hominem
1628 406 1983 481 ..Qfifflsslsffl3
2024 409 2075 456 &
2097 410 2320 473 quamdiu
2414 402 2419 416 '

332 491 461 526 extra
482 479 626 525 vitam
659 475 778 532 sunt,
818 475 964 523 modo
995 474 1209 522 naturalia
1247 473 1364 530 sunt,
1400 471 1598 521 sciuntur
1630 488 1753 520 emm
1794 475 1843 521 &
1880 467 2136 536 cogitantu'l·
2175 476 2318 524 modo

330 544 446 597 ficut
465 558 534 591 res
555 542 653 590 aliae
667 563 699 598 3.
722 540 828 589 inde
858 539 941 599 est,
977 540 1105 604 quod
1140 540 1274 589 hodie
1304 555 1395 588 non
1432 540 1564 588 detur
1600 538 1773 586 bonum
1814 537 2053 601 spirituale,
2090 539 2163 588 sed
2193 542 2316 606 apud

328 608 548 672 quosdam
588 602 731 656 modo
754 605 928 656 bonurn
962 606 1173 655 naturale.
1241 607 1466 654 Praeterea
1500 606 1649 652 omnis
1672 604 1871 652 Ecclefia
1909 605 1956 651 in
1996 607 2220 669 principio
2251 608 2315 655 est

329 674 580 738 spiritualis,
617 674 797 722 inchoat
818 675 940 722 enim
963 689 989 721 a
1011 674 1239 731 charitate,
1279 672 1354 720 sed
1375 673 1598 736 temporis
1622 670 1815 719 succeffu
1836 670 2031 717 deflestit
2061 687 2085 718 a
2107 672 2316 722 charitate

327 740 386 788 ad
409 741 567 796 fidem,
598 739 650 787 δι
685 752 795 788 tunc
834 740 890 787 ab
926 739 1102 788 Interna
1134 738 1333 788 Ecclefia
1366 739 1420 786 fit
1455 740 1673 792 Externa.
1712 739 1763 785 δε
1799 737 1984 800 quando
2021 737 2075 784 fit
2098 736 2313 795 Externa,

328 817 437 854 tunc
458 806 560 853 finis
579 804 674 869 ejus
697 806 779 863 est,
818 805 1033 869 quoniam
1056 819 1166 854 tunc
1201 808 1246 853 in
1270 804 1449 853 scientia
1472 805 1659 868 ponitur
1680 819 1837 859 omne,
1870 819 1921 850 ac
1945 818 2106 866 parum
2131 802 2169 850 li
2186 805 2316 867 quic·

326 887 464 935 quam
498 873 545 919 in
565 873 693 928 vita;
732 874 782 920 δι
806 885 1030 935 quantum
1064 872 1206 920 homo
1240 872 1297 919 ab
1318 872 1503 920 Interno
1535 871 1590 917 fit
1613 871 1859 926 Externus,
1893 880 2070 917 tantum
2099 871 2318 934 caligatur

326 938 451 1000 apud
488 938 621 985 illum
644 938 755 985 Lux
789 937 1042 1002 spiritualis,
1081 938 1221 1002 usque
1260 950 1315 985 ut
1352 954 1446 985 non
1484 937 1637 984 videat
1667 937 1894 984 Divinum
1920 936 2095 982 Verum
2133 952 2190 983 ex
2223 936 2320 1000 ipso

326 1004 468 1061 Vero,
502 1005 593 1052 hoc
613 1003 693 1061 est,
733 1020 790 1052 ex
812 1005 942 1057 Luce
963 1005 1089 1062 coeli,
1129 1005 1240 1057 Lux
1276 1003 1386 1052 coeli
1419 1004 1540 1051 enim
1580 1002 1644 1050 est
1668 1003 1894 1049 Divinum
1917 1002 2111 1057 Verum,
2148 1002 2220 1050 sed
2244 1002 2314 1052 so-

323 1067 424 1116 lum
446 1085 504 1116 ex
525 1070 625 1117 luce
646 1071 851 1127 naturali,
880 1087 991 1134 quae
1014 1071 1111 1119 talis
1132 1071 1212 1129 est,
1252 1086 1360 1119 cum
1386 1068 1475 1118 sola
1512 1071 1561 1117 &
1603 1085 1695 1116 non
1729 1066 1939 1115 illustrata
1979 1083 2004 1114 a
2027 1067 2156 1116 Luce
2194 1069 2319 1132 spiri·
2338 1072 2360 1109 Η

326 1135 452 1192 tuali,
478 1147 529 1184 ut
551 1135 702 1184 videat
723 1137 951 1184 Divinum
968 1138 1144 1187 Verum
1179 1138 1294 1186 ficut
1327 1138 1373 1184 in
1409 1136 1557 1191 nocte,
1599 1152 1680 1183 nec
1719 1134 1951 1196 cognoscit
1983 1133 2163 1181 aliunde
2202 1151 2315 1183 num
2349 1133 2371 1167 Γ

326 1214 488 1248 verum
512 1202 582 1258 fit,
615 1217 753 1265 quarn
776 1203 883 1266 quia
916 1204 975 1252 ita
997 1203 1174 1252 distum
1207 1203 1271 1251 est
1309 1203 1366 1250 ab
1390 1202 1620 1258 Antistite,
1659 1217 1711 1248 ac
1747 1212 1977 1264 receptum
2018 1217 2044 1247 a
2079 1204 2317 1249 communi
2351 1207 2370 1245 11

328 1265 463 1312 Caetu
483 1287 499 1320 ς
538 1267 641 1314 inde
661 1267 740 1322 est,
779 1270 907 1331 quod
930 1270 1223 1317 intellectuale
1260 1286 1420 1316 eorum
1447 1285 1539 1316 non
1564 1268 1770 1315 illustrari
1803 1283 1829 1314 a
1852 1267 2060 1315 Domino
2099 1270 2315 1330 potuerit,
2368 1329 2370 1331 ι

328 1345 434 1377 nam
457 1344 678 1393 quantum
703 1333 904 1395 splendet
925 1334 1003 1381 lux
1027 1336 1235 1382 naturalis
1268 1337 1314 1380 in
1348 1335 1652 1390 intellectuali,
1695 1346 1874 1381 tantum
1898 1333 2213 1380 obtenebratur
2234 1334 2315 1381 lux

329 1394 564 1459 spiritualis
585 1413 597 1443 :
638 1397 719 1444 lux
741 1398 949 1445 naturalis
973 1401 1019 1445 in
1041 1399 1325 1446 intellectuali
1347 1399 1564 1461 splendet,
1597 1399 1782 1462 quando
1805 1399 2046 1453 mundana,
2082 1414 2314 1462 corporea,
2364 1404 2365 1407 ’

328 1462 380 1509 &
404 1461 616 1509 terrestria
637 1475 842 1511 amantur
865 1479 960 1527 prae
983 1463 1298 1528 spiritualibus,
1335 1463 1611 1520 coelestibus,
1642 1465 1691 1511 δι
1716 1463 1896 1510 Divinis
1918 1486 1932 1518 ;
1977 1475 2155 1511 tantum
2177 1466 2314 1512 etiam
2356 1483 2360 1497 ³

331 1526 474 1575 homo
497 1528 727 1576 Externus
746 1529 825 1576 est.

325 1592 804 1719 cha3ri9tiasfeiilei}utllauill²
816 1593 1381 1721 gffitglgpgffimggxriffi
1386 1594 1559 1715 nii-inii?
1568 1593 2315 1721 qsspggimnfflgdfipgsiugttasfifaxgffi

322 1719 473 1786 ipsum
495 1720 746 1778 hominem,
780 1738 831 1770 ac
854 1734 1031 1771 tantum
1054 1722 1150 1787 ejus
1174 1725 1422 1787 Cogitatio,
1456 1736 1681 1788 quantum
1705 1723 1839 1771 trahit
1860 1741 1884 1771 a
1906 1724 2155 1783 voluntate,
2177 1742 2315 1790 quare

323 1799 378 1834 ut
401 1787 491 1834 illae
513 1803 581 1834 res
614 1789 660 1835 in
683 1788 834 1836 lucem
856 1789 1107 1839 intellec'tus
1142 1793 1420 1853 perveniant,
1456 1792 1595 1839 velim
1634 1788 1880 1854 adjungere
1903 1791 2107 1840 Colica-a
2139 1794 2196 1841 de
2229 1794 2316 1843 illis

322 1867 381 1900 ex
402 1855 647 1902 Ancams
669 1855 1046 1916 Contnsr1nus,
1081 1873 1188 1922 quae
1211 1857 1415 1907 inservire
1441 1857 1719 1906 illustrationi
1744 1857 1939 1922 possunt.

459 2017 622 2085 EX
695 2021 1233 2089 ARCANIS
1313 2025 2141 2096 COELESTIBUS.

320 2177 477 2277 DE
510 2182 660 2230 Fine.
730 2184 829 2243 Qui
852 2200 944 2232 non
978 2184 1123 2233 sciunt
1144 2187 1270 2250 quod
1310 2189 1463 2237 omnia
1497 2187 1794 2252 in-Universo
1832 2187 1874 2236 se
1908 2187 2098 2239 referant
2132 2190 2188 2238 ad
2213 2192 2313 2238 Ve-

461 2262 573 2294 RUM
599 2250 649 2297 &
671 2249 728 2297 ad
753 2252 958 2308 Bonum,
992 2252 1042 2299 δε
1077 2253 1134 2299 ad
1169 2252 1534 2317 conjunffionem
1572 2254 1799 2318 utriusque
1838 2269 1888 2303 ut
1916 2258 2194 2321 producatur
2229 2258 2309 2303 ali·

322 2312 455 2374 quid,
503 2314 631 2375 quod
677 2330 767 2361 non
814 2315 950 2363 sciant
983 2318 1110 2378 quod
1147 2322 1303 2366 omnia
1345 2321 1558 2368 Ecclefiae
1601 2320 1642 2367 se
1690 2321 1883 2369 referant
1935 2323 1989 2368 ad
2031 2325 2071 2369 F
2078 2338 2209 2370 inem
2259 2324 2309 2369 &

322 2379 586 2435 AmoatM,
621 2379 671 2424 &
695 2379 752 2424 ad
774 2377 1139 2440 conjunctionem
1164 2384 1409 2445 utriusque,
1444 2402 1505 2431 n:
1534 2401 1656 2447 7752
1699 2386 1754 2431 ad
1795 2389 1935 2447 7762.
1978 2387 2120 2449 9186.
2160 2403 2308 2449 9224.

322 2441 467 2502 Quod
503 2443 655 2489 omnia
692 2445 737 2489 in
763 2444 967 2492 universo
989 2444 1031 2492 se
1054 2443 1244 2494 referant
1266 2448 1322 2494 ad
1340 2449 1515 2495 Verum
1540 2450 1589 2496 ὅτ
1613 2451 1813 2504 Bonum,
1852 2450 1902 2496 &
1938 2453 1997 2500 ad
2026 2449 2308 2514 conjunCtio-

323 2523 429 2554 nem
466 2506 711 2571 utriusque,
746 2525 976 2573 n22451.
1004 2511 1145 2574 3166.
1182 2530 1332 2578 4390.
1368 2531 1511 2578 4409.
1554 2531 1695 2578 5232·
1726 2516 1865 2578 7256.
1914 2533 2088 2565 10122.
2133 2533 2305 2580 10555.

324 2572 469 2685 Qogl
492 2573 613 2621 Vera
647 2574 733 2622 sint
756 2576 902 2634 Fidei,
947 2579 996 2626 &
1029 2578 1156 2641 quod
1190 2580 1317 2628 Bona
1352 2579 1437 2628 fint
1468 2583 1652 2637 amoriS,
1704 2597 1931 2645 11:4353.
1968 2598 2115 2648 4997.
2163 2589 2303 2648 7178.

331 2655 420 2687 10⁶
494 2674 504 2684 .

387 2655 488 2764 ⁸(³2u7i
511 2719 602 2752 non
625 2703 768 2754 sciunt
788 2708 915 2770 quod
944 2710 1100 2758 omnia
1133 2712 1180 2759 &
1204 2711 1375 2774 lingula
1406 2713 1527 2776 apud
1566 2712 1799 2760 hominem
1835 2711 1877 2760 se
1910 2710 2103 2763 referant
2131 2714 2189 2762 ad
2223 2715 2305 2763 Ix-

323 2785 653 2817 TELLECTUM
679 2773 729 2819 δε
751 2774 807 2819 ad
829 2774 1233 2833 Votum-Aram,
1274 2783 1323 2826 δε
1344 2779 1401 2825 ad
1425 2777 1791 2842 conjunctionem
1817 2780 2062 2843 utriusque,
2087 2793 2139 2829 ut
2161 2781 2305 2830 horno

319 2835 372 2882 fit
394 2835 552 2891 homo,
587 2837 714 2900 quod
746 2854 828 2885 nec
867 2839 1002 2888 sciant
1038 2842 1167 2904 quod
1204 2844 1360 2890 Omnia
1391 2844 1607 2892 Ecclefiae
1642 2844 1682 2892 se
1722 2844 1911 2894 referant
1948 2846 2006 2893 ad
2027 2846 2206 2895 me
2249 2850 2299 2896 δε

316 2902 578 2958 AMOREM,
602 2903 648 2949 δι
674 2902 732 2949 ad
755 2906 1119 2968 conjunctionem
1144 2907 1389 2972 utriusque,
1414 2922 1465 2957 ut
1486 2911 1532 2957 in
1556 2910 1739 2959 homine
1763 2911 1815 2958 sit
1837 2911 2052 2969 Ecclesia,
2076 2929 2135 2961 n:
2157 2930 2214 2963 22
2225 2929 2301 2975 31.

321 2981 464 3029 7752.
490 2984 629 3033 7753.
659 2984 800 3032 7754.
827 2987 971 3031 9224.
999 2990 1145 3037 9995,
1172 2990 1342 3025 10122.
1413 2977 1560 3035 Quod
1598 2977 1716 3024 binae
1736 2976 1967 3026 facultates
1990 2979 2165 3026 homini
2199 2980 2301 3037 sint,

317 3046 407 3079 una
438 3049 544 3098 quae
568 3047 756 3082 vocatur
790 3036 1063 3095 IntellectuS‚
1104 3042 1154 3087 ὅτ
1189 3039 1324 3089 altera
1359 3057 1466 3105 quae
1488 3043 1729 3100 Voluntas,
1785 3060 1848 3091 n:
1871 3046 1983 3106 641.
2022 3050 2129 3108 803.
2158 3046 2301 3109 3623.

318 3113 463 3166 39392
531 3099 677 3166 Qod
700 3101 954 3166 Intellechjs
978 3104 1152 3155 dicatus
1187 3106 1241 3157 fit
1261 3109 1528 3172 recipiendis
1545 3109 1692 3168 Veris,
1730 3111 1792 3159 ita
1811 3126 1918 3175 quae
1944 3111 2070 3159 Fidei
2097 3112 2213 3166 sunt,
2254 3114 2303 3158 δε

1315 3174 1364 3222 D
2095 3176 2320 3225 Voluntas
