2502 3432
536 169 676 236 ET
719 159 1331 237 BAB-YLONIA
1379 162 2069 234 DESTRUCTA.
2216 188 2297 249 31

313 299 436 351 sensu
474 298 687 364 spirituali
707 297 848 345 Verbi
874 295 1049 345 ubivis
1072 294 1131 342 ‘de
1154 294 1389 358 Spirituali
1409 295 1613 355 Mundo,
1649 296 1735 344 hoc
1757 296 1836 352 est,
1871 296 1931 344 de
1950 295 2067 342 statu
2090 291 2304 341 Ecclefiae

314 383 408 417 tam
433 369 479 414 in
502 365 647 414 Coelis
667 379 805 428 quam
837 364 884 408 in
908 362 1079 417 Terris,
1115 361 1221 408 inde
1251 360 1316 419 est
1336 360 1544 407 Verbum
1585 361 1806 422 spirituale
1842 363 1891 408 ὅτ
1925 363 2189 415 Divinum3
2226 359 2302 406 ille

312 435 448 483 status
481 431 545 482 est
567 421 863 496 qui-inassati
899 427 1058 474 ordine
1094 426 1157 474 ibi
1194 427 1463 490 exponitur:
1501 426 1606 472 inde
1627 427 1824 473 constare
1847 427 2010 489 potest,
2045 426 2174 491 quod
2207 425 2299 480 illa,

313 515 434 564 quae
455 498 502 544 in
526 493 799 560 Apocalypsi
833 494 1138 549 continentur,
1173 493 1397 556 nusquam
1416 492 1473 539 ab
1495 492 1649 555 aliquo
1669 493 1881 554 explicati
1902 505 2089 554 queant,
2126 492 2204 539 nifi
2228 492 2312 538 cui'

311 563 557 614 sewinum
591 559 656 608 est
692 561 753 607 ‘de
785 558 1032 607 succefflvis
1066 559 1251 607 statibus
1274 559 1490 607 Ecclefiae
1523 560 1574 606 in
1597 558 1770 605 Coelis:
1805 557 1869 604 est
1890 559 2009 605 enirn
2035 558 2233 605 Ecclesia
2255 558 2304 604 in

313 628 610 690 Coelisraeque
629 642 680 675 ac
703 627 751 673 in
772 628 915 683 terris,
950 626 1009 673 de
1028 641 1122 690 qua
1143 628 1189 672 in
1214 625 1499 689 sequentibus
1521 625 1670 688 aliqua
1692 625 1915 672 dicentur.

271 712 276 714 ⁷
376 702 456 756 4'1.
485 692 655 755 Qualis
677 691 873 740 Ecclesia
894 693 1088 740 Domini
1125 695 1172 739 in
1210 693 1337 739 tertis
1375 691 1456 748 est,
1492 706 1586 748 non
1606 691 1753 738 videri
1776 689 1920 754 potest
1951 687 2010 735 ab
2037 687 2191 751 aliquo
2225 689 2310 735 ho-

313 763 454 816 mine,
486 759 709 823 quamdiu
748 760 786 805 is
825 760 871 805 in
911 759 1089 806 mundo
1110 759 1244 814 vivit,
1281 759 1432 805 minus
1453 758 1695 822 quomodo
1715 758 1898 804 deflexit
1926 772 1950 802 a
1986 754 2107 802 bono
2129 755 2184 801 ad
2212 770 2310 800 ma-

312 828 410 875 lum
451 825 681 889 progressu
719 826 970 888 temporis;
1017 825 1145 872 causa
1182 825 1263 881 est,
1297 826 1404 887 quia
1443 825 1602 880 homo,
1638 825 1752 870 dum
1791 825 1838 870 in
1878 822 2055 869 mundo
2089 822 2224 876 vivit,
2260 822 2308 867 in

314 893 505 941 externis
532 893 613 948 est,
648 893 695 939 ὅτ,
719 907 811 939 non
830 891 957 938 videt
980 891 1062 939 nifi
1093 907 1202 955 quae
1233 903 1388 955 patent
1410 907 1563 938 coram
1587 891 1775 937 naturali
1799 887 1893 952 ejus
1917 889 2131 943 homine·,
2165 887 2311 949 qualis

314 971 466 1007 autem
490 957 688 1005 Ecclesia
713 957 779 1004 est
805 958 957 1022 quoad
988 957 1249 1021 spiritualia,
1283 973 1392 1021 quae
1428 956 1529 1005 sunt
1561 955 1658 1020 ejus
1691 957 1880 1012 interna,
1917 969 2009 1001 non
2045 955 2091 1000 in
2132 954 2314 1000 mundo

312 1036 515 1088 apparet,
548 1039 710 1071 verum
732 1037 914 1088 apparet
936 1026 982 1071 in
1003 1025 1144 1072 Coelo
1175 1037 1228 1071 ut
1259 1025 1306 1070 in
1329 1024 1447 1071 clara
1467 1025 1558 1080 die,
1593 1023 1809 1086 quoniam
1833 1021 2007 1084 Angeli
2029 1021 2075 1066 in
2099 1019 2313 1083 spirituali

315 1092 588 1154 cogitatione
609 1090 660 1137 &
682 1104 868 1153 quoque
899 1091 945 1137 in
979 1090 1197 1154 spirituaii
1218 1090 1316 1137 visu
1340 1091 1458 1147 sunt,
1494 1092 1540 1138 δι
1566 1090 1671 1136 inde
1693 1103 1785 1137 non
1810 1088 1889 1137 nisi
1911 1103 2052 1151 quam
2076 1085 2314 1150 spiritualia

316 1158 504 1212 vident3
539 1157 587 1203 δι
610 1169 823 1220 praeterea
843 1172 1004 1204 omnes
1033 1158 1238 1204 homines
1269 1157 1332 1204 ibi
1362 1157 1493 1204 simul
1528 1156 1630 1204 sunt
1651 1157 1735 1220 qui
1758 1158 1807 1203 in
1829 1154 2009 1203 mundo
2026 1155 2121 1200 nati
2143 1169 2169 1200 a
2187 1154 2314 1215 prin·

318 1223 441 1285 cipio
476 1223 727 1279 creationis,
774 1236 828 1270 ut
866 1225 995 1286 supra
1030 1223 1256 1271 ostensum
1297 1224 1378 1281 est,
1429 1226 1479 1272 &
1514 1239 1699 1287 quoque
1736 1237 1896 1270 omnes
1932 1221 1996 1268 ibi
2032 1219 2230 1266 distincti
2268 1220 2316 1265 in

321 1288 560 1335 Societates
597 1287 842 1335 secundum
882 1289 1002 1335 bona
1038 1292 1204 1336 amoris
1239 1292 1287 1336 δι
1329 1291 1454 1347 fidei,
1488 1291 1695 1337 videatur
1733 1290 1779 1336 in
1813 1290 1968 1352 Opere
2008 1287 2066 1333 de
2088 1285 2228 1333 Coelo
2261 1284 2314 1331 δῑ

321 1351 505 1399 Inferno
542 1369 572 1398 n
596 1371 608 1399 ε
634 1370 689 1412 4¹
721 1354 778 1399 ad
814 1371 894 1414 50,
929 1354 1035 1400 inde
1071 1354 1152 1409 est,
1186 1355 1313 1416 quod
1349 1356 1486 1401 status
1525 1355 1759 1411 Ecclefiae,
1793 1355 1844 1401 &
1882 1368 2070 1416 quoque
2108 1349 2315 1415 progres-

321 1419 460 1466 fiones
505 1417 601 1481 ejus
637 1419 684 1464 in
721 1419 861 1466 Coelo
897 1434 1050 1465 coram
1091 1420 1284 1498 Argelis
1322 1431 1517 1482 pateant.
1582 1421 1729 1466 Nunc
1769 1420 1874 1481 quia
1914 1418 2315 1481 Qus

321 1484 469 1547 quoad
509 1499 709 1530 amorem
749 1485 799 1531 ὅτ.
838 1483 979 1532 fidem
1013 1487 1061 1531 in
1084 1487 1127 1532 A
1167 1485 1262 1532 ocal
1331 1486 1362 1532 si
1402 1486 1447 1532 in
1489 1483 1610 1534 sensu
1647 1484 1743 1549 ejug
1781 1484 1997 1547 sffi'rituali
2033 1482 2317 1538 describitur,

322 1551 426 1597 ideo
447 1565 538 1597 non
558 1549 705 1612 potest
731 1550 892 1611 aliquis
917 1543 1042 1606 lcii-e,
1077 1502 1191 1612 qui'd
1211 1553 1367 1598 omnia
1389 1552 1451 1597 ibi
1476 1552 1522 1597 in
1545 1551 1651 1597 serie
1672 1551 1934 1605 involvunt,
1971 1549 2052 1595 nisi
2083 1551 2159 1595 cui
2189 1564 2315 1594 reve-

323 1616 466 1673 latum
486 1613 550 1660 est
569 1630 596 1660 e
612 1613 774 1667 Caele,
807 1615 859 1659 ὅτ
880 1614 1014 1660 simul
1036 1616 1111 1661 cui
1128 1615 1293 1661 datum
1313 1615 1381 1662 est
1411 1615 1519 1661 scire
1547 1616 1778 1662 internum
1809 1614 1882 1661 seu
1914 1614 2190 1677 spiritualem
2220 1612 2316 1660 fen·

321 1678 421 1736 sum
443 1677 602 1725 Verbi.
657 1679 770 1726 Hoc
793 1678 1028 1726 asseverare
1060 1680 1257 1743 pofl‘um,
1291 1680 1419 1744 quod
1450 1680 1623 1743 singula
1655 1681 1735 1737 ibi,
1771 1679 1911 1742 usque
1932 1679 1988 1727 ad
2013 1695 2318 1743 unamquam-

324 1745 395 1791 vis
417 1759 600 1799 vocem,
634 1745 891 1791 contineant
924 1746 971 1791 in
1003 1745 1045 1793 se
1077 1745 1250 1793 sensum
1282 1746 1577 1809 spiritualem,
1612 1747 1663 1795 δε
1684 1747 1813 1810 quod
1838 1749 1884 1794 in
1908 1746 1987 1793 iilo
2009 1745 2132 1793 sensu
2165 1747 2320 1794 omnia
2384 1731 2391 1786 s'
2483 1760 2486 1762 ·

322 1809 535 1858 Ecclesiae
570 1811 723 1871 quoad
751 1809 1022 1874 spiritualem
1055 1811 1151 1876 ejus
1179 1812 1346 1860 statum
1372 1829 1397 1860 a
1419 1814 1645 1877 principio
1674 1815 1730 1861 ad
1765 1813 1905 1860 finem
1940 1813 2070 1876 plene
2104 1812 2322 1875 descripta
2382 1855 2385 1864 ,,

326 1876 442 1924 sint-t
479 1878 525 1924 &
558 1878 673 1952 quia·
703 1880 972 1946 unaquaevig
1001 1894 1096 1925 vox
1130 1879 1191 1925 ibi
1204 1879 1453 1955 ἡἷΡί-τίωεικτ
1490 1880 2143 1943 (Ξὲρὶῐέῼᾶζιὲᾁςφψῠμῖῂῑακ
2175 1878 2323 1943 potest
2383 1866 2388 1931 ἐ

326 1942 484 2002 deesse,
551 1958 630 1988 um
661 1941 786 1989 lenes
819 1943 1406 2012 rerumgnsssslefrisugnterno
1427 1946 2112 2010 {EflE-QQQQQAEQQOEH
2146 1946 2321 1992 idcirco
2388 1946 2389 1992 1

328 2025 373 2054 in
409 2002 497 2055 fine
532 2009 649 2055 illius
670 2010 802 2056 Libri
837 2010 1021 2067 dicitur,
1060 2016 1094 2037 “
1117 2013 1163 2058 Si
1183 2015 1276 2075 quis
1298 2013 1512 2072 abstulerit
1536 2030 1586 2061 ex
1605 2014 1749 2061 verbis
1772 2014 1900 2061 Libri
1916 2013 2154 2074 prophetice
2177 2013 2321 2073 hujus,

325 2074 491 2137 auferet
511 2076 632 2123 Deus
661 2086 832 2136 partem
870 2078 957 2140 q'us
994 2094 1016 2124 e
1050 2078 1158 2125 libro
1180 2081 1306 2135 vitae,
1327 2080 1397 2128 -&
1419 2097 1469 2128 ex
1491 2082 1686 2127 Civitate
1706 2080 1783 2127 illa
1796 2079 1968 2143 sanila,
2004 2079 2059 2127 &
2084 2095 2133 2125 ex
2155 2082 2210 2125 iis
2232 2095 2322 2142 quae
2387 2096 2389 2098 ·

317 2142 486 2202 scripta
512 2142 620 2201 sunt
657 2144 704 2188 in
736 2143 872 2189 Libro
909 2143 1034 2199 illo‚”
1070 2146 1199 2208 Cap:
1223 2161 1365 2193 xxu:
1399 2162 1471 2209 19.
1545 2146 1702 2194 Simile
1738 2145 1801 2192 est
1841 2161 1949 2192 cum
1990 2144 2148 2192 Libris
2182 2145 2319 2191 Verbi

331 2205 502 2252 Veteris
526 2206 836 2263 Testamenti3
870 2208 915 2256 in
950 2210 1037 2256 illis
1069 2212 1203 2259 etiam
1234 2213 1498 2275 unaquaevis
1520 2229 1606 2268 res,
1643 2215 1690 2260 &
1714 2213 1982 2275 unaquaevis
2005 2227 2098 2258 vox
2120 2212 2323 2258 continet

331 2269 502 2344 sensum
525 2273 751 2330 internum
774 2274 845 2320 seu
871 2275 1166 2338 spiritualem,
1192 2292 1466 2341 quapropter
1488 2295 1568 2326 nec
1593 2279 1655 2325 ibi
1679 2279 1826 2341 aliqua
1847 2293 1942 2326 vox
1965 2275 2127 2324 auferri
2150 2276 2325 2340 potest·,

331 2336 434 2383 inde
460 2336 541 2393 est,
574 2338 701 2399 quod
730 2353 787 2383 ex
805 2340 976 2385 Divina
1001 2343 1286 2388 Providentia
1307 2345 1499 2388 Domini
1531 2345 1595 2389 illi
1618 2345 1749 2389 Libri
1772 2346 1937 2403 integri
1961 2343 2206 2388 conservati
2239 2341 2325 2387 sint
2381 2378 2385 2379 ν

331 2400 469 2462 usque
491 2402 546 2447 ad
570 2403 742 2460 10tham
765 2418 790 2448 a
812 2415 1018 2465 tempore
1048 2420 1143 2467 quo
1180 2406 1435 2468 conscripti,
1471 2423 1552 2468 per
1589 2423 1742 2452 curam
1776 2408 1977 2468 plurium
2010 2407 2093 2467 qui
2132 2406 2325 2468 singula·

333 2467 496 2512 riffima
517 2465 580 2512 ibi
600 2483 976 2525 numeraverunt3
1012 2471 1097 2517 hoc
1133 2470 1366 2534 provisum
1403 2471 1467 2518 est
1496 2488 1520 2518 a
1542 2473 1749 2518 Domino
1788 2472 1849 2518 ob
1885 2471 2179 2529 sanctitatem,
2215 2486 2324 2535 quae
2371 2482 2379 2521 ἰ

339 2532 483 2597 cuivis
505 2530 516 2538 '
551 2532 659 2590 thae,
695 2533 870 2601 literae,
886 2538 1098 2600 Vsscial&
1121 2538 1183 2583 rei
1207 2537 1269 2583 ibi
1291 2536 1415 2598 inest¹

402 2614 479 2654 42.
514 2599 635 2655 Quia
671 2594 815 2648 sensus
854 2596 1053 2649 internus
1091 2596 1437 2666 s‘eu'‘spir—itualis
1471 2603 1670 2651 similiter
1691 2603 1803 2651 inest
1823 2603 1952 2651 omni
1975 2602 2079 2650 voci
2115 2603 2162 2650 in
2186 2605 2322 2667 Apo-

337 2663 517 2725 calypsi,
551 2665 602 2711 &
636 2667 742 2727 quia
781 2666 925 2714 sensus
964 2669 1038 2715 ille
1076 2670 1278 2717 continet
1315 2686 1469 2718 arcana
1509 2670 1651 2717 status'
1683 2670 1898 2718 Ecclefiae
1936 2670 1983 2717 in
2021 2669 2154 2716 coelis
2190 2670 2239 2717 δτ
2275 2672 2326 2717 in

337 2730 478 2784 terris,
515 2731 561 2777 δι
583 2732 690 2793 quia
712 2732 785 2778 illa
813 2749 905 2780 non
938 2735 1071 2781 alicui
1094 2737 1275 2782 revelari
1300 2738 1495 2799 postam,
1531 2737 1611 2783 nisi
1632 2739 1712 2800 qui
1736 2737 1868 2785 illum
1891 2735 2068 2784 sensum
2091 2736 2236 2792 novit,
2271 2736 2323 2783 ὅτ.

337 2795 469 2870 simul
495 2795 571 2841 nisi
597 2798 670 2843 cui
694 2797 851 2844 datum
875 2798 936 2845 est
958 2800 1233 2848 consortium
1270 2803 1427 2849 habere
1461 2819 1568 2849 cum
1594 2803 1803 2866 Angelis,
1838 2803 1888 2851 ὅτ
1911 2802 2191 2867 spiritualiter
2212 2817 2324 2849 cum

337 2862 423 2907 illis
447 2862 588 2924 loqui,
625 2863 742 2919 ideo,
778 2881 833 2910 ne
857 2865 931 2911 illa
962 2880 1067 2928 quae
1090 2867 1150 2912 ibi
1175 2868 1334 2931 scripta
1356 2869 1472 2925 sunt,
1510 2871 1671 2916 lateant
1703 2884 1857 2918 coram
1891 2868 2170 2926 hominibus,
2203 2869 2327 2916 &in

335 2927 562 2990 posterum
587 2929 837 2976 deserantur
871 2931 932 2978 ob
964 2949 1055 2980 non
1088 2934 1321 2990 intellecia,
1358 2936 1469 2982 mihi
1493 2935 1664 2983 detecta
1686 2935 1787 2984 sunt
1808 2952 1917 3000 quae
1948 2936 2059 2983 inibi
2092 2936 2325 2983 continen-

338 2999 443 3068 'tur-3
489 3010 595 3056 quae
631 2997 736 3058 quia
776 2995 876 3044 sunt
913 2999 1072 3055 multa,
1112 3016 1201 3046 non
1242 3001 1422 3065 possunt
1461 3004 1508 3048 in
1547 3001 1633 3050 hoc
1655 3003 1894 3068 Opusculo
1925 3002 2152 3058 describi;
2188 3017 2327 3065 quare

338 3058 651 3135 veluntotum
675 3062 804 3110 illum
828 3063 1025 3111 Librum
1050 3081 1075 3112 a
1099 3066 1320 3132 principio
1342 3068 1396 3114 ad
1419 3068 1558 3116 finem
1582 3070 1821 3134 explicare,
1857 3085 1908 3117 ac
1931 3082 2127 3132 retegere
2156 3083 2327 3122 arcana,

339 3132 597 3184 quoeuntus
626 3128 736 3177 inibi
770 3129 900 3180 sunt:
949 3131 1362 3207 ffissgffliffifist
1384 3134 1570 3200 publico
1609 3135 1780 3187 sistetur
1815 3139 1930 3186 intra
1961 3137 2194 3187 biennium
2199 3169 2231 3246 1³
2274 3133 2335 3245 &l

460 3212 468 3222 Δ
1518 3208 1522 3210 ’
2219 3212 2313 3246 unu
