2632 3516
624 294 791 358 DE*
854 292 1299 385 MuNDo
1373 243 2161 382 sptnts‘ruALt.
2317 322 2380 372 25

734 438 861 523 De
900 442 1175 547 Judaeis
1215 440 1292 520 in
1328 424 1627 534 Mundo
1675 439 2022 546 spirituali.

388 622 471 686 79.
567 623 682 674 udaei
711 632 816 672 ante
835 622 1058 682 Ultimum
1086 620 1315 685 Judicium
1333 620 1399 684 ‘ad
1428 619 1539 670 latus
1566 618 1783 668 sinistrum
1804 619 2049 670 Meditullii
2066 619 2299 671 Christiani
2323 622 2372 672 in

598 689 732 740 Valle
751 688 823 736 ibi
834 696 1154 751 apparuerunt,
1174 685 1275 749 post
1293 685 1398 734 illud
1419 697 1575 747 autem·
1597 683 1793 734 transsati
1816 683 1912 734 sunt
1933 686 1979 735 in
2002 687 2343 749 septentrionem
2357 723 2373 747 ,

599 753 653 802 ἃ,
670 750 954 802 ἰιιῐεῐάἰὲὶιιω
974 750 1041 800 est
1064 751 1385 800 commercium
1407 760 1512 797 cum
1536 749 1817 807 Christianis,
1853 750 1932 799 nisi
1961 765 2065 798 cum
2086 752 2215 814 vagis
2241 764 2367 801 extra

384 819 528 868 urbes.
567 820 683 868 Sunt
698 818 744 866 in
764 817 838 866 ina
855 817 990 880 Plaga
1010 816 1132 864 binae‘
1144 829 1320 878 maguae
1341 816 1486 863 Urbes
1500 850 1514 871 ‚
1534 813 1583 861 in
1605 828 1711 876 quas
1725 814 1871 877 Judaei
1891 813 1992 877 ‘post
2009 830 2203 863 mortem
2225 815 2366 863 dedu·

383 894 574 944 cuntur,
606 897 716 944 quas
741 893 849 930 ante
868 880 1099 943 judicium
1128 890 1403 931 vocaverunt
1422 877 1756 940 Hierosolymas
1774 914 1787 936 ,
1823 879 1896 926 sed
1922 878 2021 939 post
2050 881 2154 928 illud
2174 880 2260 928 alio
2287 895 2367 927 no·

383 947 531 1006 mine,
554 948 656 1011 quia
676 945 776 1010 post
796 945 1022 1008 Judicium
1043 959 1124 1006 per
1144 943 1502 1006 Hierosolymam
1528 941 1748 991 intelleSta
1769 941 1836 990 est
1854 943 2054 993 Ecclesia
2067 979 2082 1002 ,
2101 945 2146 993 in
2166 960 2250 1008 qua
2267 947 2366 993 Do·

382 1012 528 1061 minus
550 1012 661 1062 solus
683 1011 907 1060 adoratur.
940 1010 1246 1059 Praeficiuntur
1267 1008 1349 1056 illis
1369 1007 1415 1055 in
1441 1007 1524 1055 suis
1545 1007 1722 1055 urbibus
1743 1007 1887 1068 Judaei
1905 1008 2134 1063 converti,
2170 1010 2244 1071 qui
2263 1024 2365 1057 mo-

381 1076 490 1125 nent
506 1077 602 1125 illos
621 1090 682 1124 ne
698 1073 1019 1124 contumeliose
1039 1076 1270 1138 loquantur
1286 1073 1346 1120 de
1367 1070 1566 1130 Christ03
1585 1069 1636 1120 δι
1655 1073 1841 1133 puniunt
1865 1072 1939 1135 qui
1959 1074 2091 1136 usque
2108 1073 2155 1121 id
2179 1073 2366 1122 faciunt.

382 1140 548 1189 Plateae
579 1141 750 1188 urbium
781 1139 953 1187 illarum
983 1137 1080 1187 sunt
1112 1139 1305 1200 oppletae
1344 1147 1470 1184 caeno
1499 1135 1632 1198 usque
1665 1135 1723 1183 ad
1748 1139 1884 1195 talos,
1919 1135 1968 1186 δι
1988 1139 2146 1186 domus
2171 1139 2360 1187 immun-

378 1203 475 1262 dis,
509 1220 538 1254 a
554 1206 711 1266 quibus
739 1203 875 1251 etiam
899 1204 1048 1261 olent3
1082 1214 1264 1265 propter
1283 1216 1382 1263 quae
1400 1215 1489 1248 non
1505 1201 1619 1249 'adiri
1642 1200 1830 1262 poss'unt.

448 1274 524 1321 80.
559 1270 763 1332 Apparet
792 1269 875 1315 illis
902 1267 1131 1330 aliquoties
1152 1268 1354 1329 Angelus
1372 1266 1499 1327 supra
1527 1266 1572 1313 in
1594 1266 1743 1312 media
1765 1265 1995 1314 a³titudine
2018 1281 2122 1314 cum
2138 1267 2299 1316 baculo
2318 1268 2363 1315 in

370 1346 515 1380 -manu
529 1331 606 1391 3&
627 1333 703 1380 dat
721 1331 904 1380 credere
916 1331 1037 1394 quod
1059 1330 1109 1378 fit
1126 1331 1302 1386 Moses,
1316 1345 1372 1379 ac
1390 1331 1591 1377 hortatur
1614 1328 1878 1377 utdefistant
1902 1347 1928 1378 a
1950 1330 2125 1378 vesania
2138 1332 2195 1378 de
2208 1332 2362 1392 exspe-

381 1395 577 1444 &atione
600 1396 776 1445 Meffiae
798 1396 934 1445 etiam
953 1396 1044 1454 ibi,
1076 1395 1181 1459 quia
1206 1394 1387 1443 Meffias
1411 1393 1476 1442 est
1498 1391 1718 1452 Christus,
1752 1394 1827 1457 qui
1855 1394 1951 1442 illos
1973 1395 2020 1444 δι
2042 1411 2198 1443 omnes
2219 1397 2358 1458 regit,

375 1459 427 1508 ἃ
451 1461 571 1524 quod
593 1458 684 1522 ipse
701 1461 750 1510 id
772 1459 966 1519 sciat,&
987 1474 1163 1522 quoque
1186 1458 1347 1522 aliquid
1371 1459 1430 1506 de
1446 1458 1541 1521 ipso
1562 1458 1738 1507 sciverit
1758 1473 1861 1506 cum
1880 1460 1925 1507 in
1946 1461 2114 1506 mundo
2142 1460 2227 1507 fuit
2243 1461 2359 1523 :qui-

375 1525 458 1573 bus
489 1525 650 1574 auditis
679 1525 917 1583 recedunt3
948 1523 999 1573 δι
1024 1525 1220 1572 maxima
1241 1539 1340 1587 pars
1358 1523 1699 1579 obliviscuntur,
1735 1521 1784 1571 &
1805 1525 1933 1584 pauci
1952 1525 2175 1581 retinent3
2208 1523 2257 1572 ἃ
2283 1525 2360 1587 qui

371 1590 589 1645 retinent,
624 1590 854 1637 mittuntur
884 1589 941 1637 ad
972 1589 1239 1653 synagogas,
1275 1603 1374 1651 quae
1401 1587 1499 1636 sunt
1527 1603 1585 1636 ex
1616 1586 1837 1636 conversis
1852 1624 1868 1646 ,
1900 1603 1955 1637 ac
1980 1587 2273 1646 instruuntu13
2306 1586 2358 1638 δι

374 1652 457 1701 illis
484 1654 559 1716 qui
594 1652 792 1702 instruffl
833 1654 1050 1714 recipiunt
1070 1690 1084 1710 ,
1119 1655 1280 1701 dantur
1304 1667 1437 1701 novae
1470 1650 1613 1702 vestes
1649 1665 1733 1714 pro
1762 1653 1954 1711 laceris,
1985 1654 2031 1702 in
2060 1653 2214 1717 quibus
2240 1652 2360 1715 prius

373 1715 577 1776 fixerunt,
613 1717 662 1767 δι
682 1718 812 1766 datur
833 1719 1038 1765 Verbum
1058 1718 1200 1765 nitide
1221 1716 1431 1778 scriptum
1445 1754 1458 1774 ,
1480 1730 1575 1764 tum
1594 1716 1808 1765 habitatio
1824 1716 1871 1765 in
1889 1719 1999 1766 urbe
2021 1731 2111 1766 non
2127 1716 2357 1767 indecora.

372 1781 441 1829 Eli
468 1793 617 1829 autem
640 1782 714 1844 qui
738 1795 826 1831 non
853 1781 1097 1844 recipiunt,
1132 1781 1397 1844 dejiciuntur
1422 1783 1468 1829 in
1495 1781 1669 1829 inferna
1702 1780 1780 1829 sub
1803 1796 1969 1846 magno
1989 1783 2163 1831 illorum
2185 1781 2354 1842 traetu,

374 1841 424 1894 ἃ
447 1846 574 1894 multi
598 1847 644 1894 in
665 1846 805 1908 sylvas
824 1845 874 1895 ὁὶ
895 1847 939 1894 in
960 1845 1157 1901 deserta,
1191 1845 1265 1892 ubi
1285 1858 1424 1904 agunt
1446 1848 1562 1892 inter
1581 1845 1626 1892 se
1643 1846 1889 1894 latrocinia.

441 1916 517 1961 81.
551 1910 859 1973 Negotiantur
883 1910 930 1959 in
957 1909 1032 1958 illo
1051 1909 1234 1958 Mundo
1258 1908 1367 1956 sicut
1387 1909 1431 1957 in
1454 1909 1590 1971 priori
1610 1923 1716 1956 cum
1736 1909 1893 1967 variis,
1928 1910 2143 1974 imprimis
2165 1926 2268 1960 cum
2292 1911 2356 1959 la-

371 1972 549 2036 pidibus
580 1974 808 2035 pretiosis,
842 1989 951 2037 quos
982 1973 1061 2022 fibi
1085 1989 1163 2036 per
1182 1975 1278 2023 vias
1306 1973 1555 2036 incognitas
1579 1985 1842 2035 comparant
1863 1989 1891 2022 e
1912 1976 2048 2032 cael0,
2083 1977 2158 2024 ubi
2186 1975 2355 2038 lapides
2415 1995 2421 2000 ·

374 2036 553 2099 pretiofi
574 2039 619 2086 in
641 2039 774 2100 copia
794 2039 905 2087 sunt.
953 2037 1090 2103 Quod
1110 2037 1358 2101 negotiatio
1378 2039 1458 2086 illis
1477 2053 1580 2085 cum
1604 2038 1821 2098 lapidibus
1841 2038 2040 2100 pretiofis
2062 2038 2115 2087 fit
2130 2077 2143 2097 ,
2163 2039 2231 2087 est
2251 2041 2354 2102 quia

368 2102 577 2150 Verbum
606 2103 654 2150 in
683 2104 757 2151 sua
790 2103 992 2166 originali
1013 2104 1164 2161 lingua
1184 2104 1363 2163 legunt,
1396 2099 1446 2148 ὅ(
1467 2100 1635 2149 sensum
1653 2102 1791 2148 literae
1817 2103 1911 2162 ejus
1939 2102 2134 2150 sanfflim
2157 2103 2349 2159 habent,

368 2178 426 2213 ac
453 2165 620 2227 lapides
652 2165 828 2226 pretiofi
852 2165 991 2211 sensui
1020 2165 1157 2210 literae
1178 2164 1323 2210 Verbi
1350 2162 1720 2224 correspondent3
1751 2164 1812 2211 de
1844 2180 1930 2225 qua
1960 2166 2347 2226 correspondentia

369 2228 575 2277 videatur
594 2229 640 2276 in
661 2230 918 2274 Docrrum
941 2226 1101 2273 Nova:
1134 2227 1495 2274 thnosommaz
1523 2240 1585 2272 na
1614 2227 1885 2274 Scmruru
1914 2242 2055 2274 sactu
2071 2263 2086 2287 ,
2117 2244 2160 2276 n.-
2182 2243 2260 2288 42.
2281 2230 2340 2277 ad

369 2305 463 2350 453
489 2290 689 2339 vendunt
709 2290 805 2337 illos
826 2289 1086 2352 gentilibus,
1107 2288 1182 2352 qui
1204 2287 1372 2336 circum
1401 2289 1497 2335 illos
1518 2288 1565 2335 in
1585 2289 1720 2351 Plaga
1738 2288 2063 2350 septentrionali
2088 2291 2193 2339 sunt.
2235 2294 2343 2341 Pos-

368 2355 467 2403 sunt
488 2354 624 2402 etiam
646 2364 742 2401 arte
760 2368 918 2414 parare
940 2352 1103 2401 fimiles
1117 2384 1134 2410 ,
1166 2367 1223 2400 ac
1244 2351 1518 2415 phantasiam
1547 2352 1758 2401 inducere
1779 2353 1898 2416 quod
1922 2355 2104 2417 genuini
2123 2355 2235 2416 fint3
2267 2356 2346 2406 sed

364 2419 410 2469 hi
436 2434 463 2467 a
485 2418 569 2466 suis
593 2416 812 2480 praefefitis
834 2413 994 2466 severe'
1010 2416 1287 2465 mulctantur.

437 2487 515 2534 82.
549 2482 691 2543 Judaei
723 2496 814 2545 prae
842 2482 936 2530 aliis
963 2496 1054 2530 non
1084 2481 1225 2531 sciunt
1243 2480 1364 2542 quod
1399 2479 1444 2528 in
1475 2480 1656 2528 Mundo
1684 2480 1892 2544 spirituali
1915 2481 2022 2541 fint,
2055 2482 2130 2531 sed
2158 2483 2344 2533 credunt

369 2545 488 2610 quod
507 2547 651 2595 adhuc
673 2547 719 2594 in
740 2547 923 2594 Mundo
950 2547 1165 2604 naturali,
1200 2545 1329 2593 causa
1351 2543 1442 2603 est,
1475 2546 1577 2608 quia
1605 2546 1775 2607 prorsus
1797 2546 1967 2594 externi
1991 2547 2192 2595 homines
2214 2548 2337 2607 sunt,

368 2613 420 2660 ἃ
441 2625 531 2660 non
556 2611 717 2673 aliquid
750 2611 809 2658 de
838 2610 1051 2674 religione
1079 2610 1153 2659 sua
1187 2610 1388 2682 cogitant
1417 2624 1472 2657 ex
1508 2610 1741 2668 interiori3
1774 2625 1907 2673 quare
1938 2612 2075 2659 etiam
2105 2614 2338 2673 loquuntur

367 2675 563 2724 similiter
591 2676 653 2724 de
675 2675 839 2723 Meffia
868 2674 981 2723 ficut
1009 2675 1149 2736 prius,
1184 2689 1232 2721 ut
1264 2673 1381 2736 quod
1411 2684 1619 2722 venturus
1649 2674 1702 2722 fit
1725 2690 1830 2723 cum
1855 2675 2059 2733 Davide‚
2092 2674 2142 2723 δι
2163 2675 2338 2737 fulgens

367 2739 691 2789 diadematibus
723 2739 949 2802 praeiturus
976 2739 1087 2797 illis,
1122 2755 1176 2787 ac
1203 2736 1526 2786 introdueturus
1543 2739 1636 2787 illos
1658 2738 1886 2787 interram
1904 2741 2183 2797 Canaanem,
2218 2739 2266 2788 δι
2290 2741 2338 2789 in

366 2805 443 2853 via
471 2805 721 2852 elevatione
754 2805 899 2853 baculi
921 2802 1213 2852 exsiccaturus
1242 2802 1404 2851 fluvios
1431 2817 1540 2865 quos
1565 2802 1831 2861 tranfibunt3
1860 2803 1910 2851 ἃ
1933 2805 2052 2866 quod
2073 2803 2339 2864 Christiani,

366 2883 477 2932 quos
510 2870 623 2934 inter
658 2870 702 2917 se
723 2868 892 2916 Gentes
922 2880 1111 2925 vocant,
1149 2881 1254 2916 tunc
1287 2868 1378 2914 alas
1399 2865 1588 2914 vestium
1613 2868 1784 2916 illorum
1812 2869 2054 2930 arrepturi,
2088 2870 2340 2983 sugaeliciter

367 2944 544 2981 orantes
566 2945 613 2980 ut
635 2933 766 2982 liceat
786 2931 991 2980 comitari
1005 2969 1019 2990 ,
1053 2930 1103 2979 ἃ
1124 2932 1242 2995 quod
1260 2932 1478 2997 recepturi
1497 2931 1657 2979 divites
1678 2931 1915 2980 secundum
1945 2934 2098 2995 copias
2111 2970 2125 2992 ,
2211 2933 2335 2998 quod

367 2997 503 3045 etiam
524 2997 571 3045 hi
588 2997 669 3045 illis
698 2997 896 3044 servituri
927 2996 1034 3052 fint3
1052 3010 1143 3043 non
1166 2997 1365 3044 volentes
1390 2995 1500 3043 scire
1512 3029 1529 3053 ,
1552 2997 1671 3058 quod
1692 2997 1738 3044 in
1754 2998 1914 3046 Verbo
1933 3014 2014 3060 per
2034 2998 2082 3044 T
2084 3013 2226 3047 ert-am
2251 3000 2336 3046 Ca-

366 3075 556 3110 naanem
577 3061 841 3123 intelligatur
862 3058 1088 3117 Ecclesia,
1121 3076 1202 3123 per
1222 3058 1578 3123 Hierosolymam
1600 3061 1669 3108 illa
1691 3062 1836 3124 quoad
1856 3061 2104 3111 dofitrinam
2117 3097 2135 3120 ‚
2161 3064 2209 3112 δι
2230 3063 2334 3110 inde

363 3139 446 3187 per
474 3125 652 3189 Judaeos
680 3140 838 3174 omnes
867 3125 926 3173 illi
960 3125 1033 3186 qui
1065 3125 1122 3173 ab
1151 3122 1351 3173 Ecclesia
1382 3124 1572 3172 Domini
1596 3139 1752 3183 erunt;
1782 3126 1901 3189 quod
1929 3127 1976 3176 hi
1998 3142 2078 3190 per
2096 3127 2271 3190 Judaeos
2290 3127 2335 3173 in

365 3191 527 3242 Verbo
549 3189 867 3254 intelligantur,
903 3189 1107 3240 videatur
1135 3189 1182 3239 in
1210 3189 1486 3302 Docrnmf)
1500 3203 1564 3238 m:
1587 3190 2022 3243 Scnrrwtta'saciu
2048 3206 2092 3242 n:
2113 3205 2187 3251 51.
2216 3192 2338 3264 ‘Cum

1191 3271 1195 3275 ·
2214 3267 2347 3303 mter·
