2502 3432
537 198 640 260 Da
677 185 1304 278 ,TELLURIBUS
1353 213 1427 257 m
1476 184 1998 256 UNIVERSO.
2174 211 2266 275 43

268 327 401 390 posiit
435 319 594 373 inferre
628 322 672 370 se
704 323 752 369 in
784 319 1076 384 spiritualem,
1111 319 1199 367 hoc
1220 320 1301 376 est,
1323 318 1604 374 ‚ascendere3
1642 319 1716 367 sed
1751 336 1860 369 curn
1899 321 2043 368 homo
2081 318 2128 366 in
2164 318 2259 366 fide

268 391 348 449 est,
385 391 436 439 az
469 390 574 437 inde
594 389 642 436 in
663 387 757 433 vita
778 386 1009 450 spirituali,
1041 386 1167 449 quod
1192 385 1431 449 spiritualis
1463 384 1606 432 homo
1641 386 1797 434 influat
1829 388 1875 432 in
1899 384 2165 442 naturalem,
2206 385 2259 432 δε

270 457 335 506 ibi
373 457 570 519 cogitet;
612 452 813 500 influxus
835 453 958 499 enim
994 451 1126 498 datur
1157 450 1411 514 spiritualis,
1448 450 1537 498 hoc
1569 448 1650 507 est,
1688 450 1963 516 epspirituali
1998 451 2178 499 mundo
2200 452 2261 498 'in

269 521 529 576 naturalem,
568 534 661 567 non
687 529 838 565 autem
862 518 1222 579 viciflim,(mm).

338 604 445 652 103.
480 586 625 633 Porro
657 600 681 632 a
711 583 937 647 spiritibus
971 583 1092 642 illius
1110 583 1311 631 Telluris
1348 579 1623 629 informabat
1662 581 1719 630 de
1740 580 1923 638 Incolis,
1968 582 2118 644 quales
2150 582 2251 630 illo-

271 669 374 703 rum
416 650 765 701 consociationes
804 649 922 705 sunt,
962 661 1126 712 praeter
1164 649 1279 704 alia.;
1327 647 1552 703 dicebant,
1597 647 1726 711 quod
1770 648 1930 694 vivant
1968 647 2163 694 distincti
2202 649 2251 696 in

268 719 472 775 famlias,
511 716 775 779 unaquaevis
798 713 967 762 familia
989 714 1180 778 separata
1212 714 1268 762 ab
1301 714 1418 769 alia;
1459 715 1522 760 ita
1542 714 1613 760 vir
1648 715 1697 761 ὅτ
1729 729 1846 761 uxor
1882 729 1990 760 cum
2015 712 2104 760 suis
2138 712 2249 760 libe·

267 787 358 841 ris,
392 784 443 833 δε
465 783 592 846 quod
618 783 679 838 hi,
718 797 824 828 cum
849 779 1061 845 conjugia
1084 779 1307 845 jungunt,
1348 780 1601 843 separentur
1634 795 1657 826 a
1686 781 1829 827 domo
1866 791 2123 843 parentum,
2169 794 2250 825 nec

266 866 366 899 eam
405 848 598 912 amplius
635 860 820 895 curent:
877 858 1151 911 quapropter
1186 848 1379 910 Spiritus
1411 861 1470 893 ex
1509 846 1584 893 illa
1603 846 1791 893 Tellure
1827 858 2039 909 apparent
2072 846 2163 891 bini
2202 845 2253 892 ὅτ

267 917 377 965 bini.
446 915 592 974 Quod
616 914 672 961 de
693 914 834 961 Viciu
858 915 906 961 ὅτ
931 914 1122 960 Αωίἃυ
1146 929 1309 977 parum
1346 911 1523 959 solliciti
1563 912 1673 965 fint;
1714 913 1838 975 quod
1865 911 2095 959 vescantur
2130 910 2253 958 fruc-

267 983 388 1031 tibus
412 983 459 1029 &
484 980 805 1045 leguminibus,
846 996 953 1043 quae
975 979 1135 1028 Tellus
1158 995 1317 1026 eorum
1341 979 1589 1042 producit3
1636 980 1686 1027 ὅτ
1716 979 1842 1041 quod
1867 978 2109 1025 vestiantur
2137 978 2252 1024 levi·

268 1061 354 1105 ter,
391 1049 606 1112 quoniam
630 1045 760 1092 craffa
783 1058 886 1094 cute
908 1044 980 1093 seu
1005 1047 1171 1101 tunica,
1211 1061 1318 1108 quae
1351 1044 1525 1108 repellit
1563 1043 1724 1107 frigus,
1766 1044 1902 1092 cincti
1940 1043 2055 1090 sunt.
2124 1044 2252 1090 Prae·

266 1127 399 1169 terea,
442 1112 567 1176 quod
592 1124 748 1158 omnes
772 1112 817 1157 in
842 1112 918 1158 sua
938 1112 1124 1159 Tellure
1146 1111 1300 1167 sciant,
1340 1111 1464 1175 quod
1491 1111 1655 1158 visturi
1679 1111 1763 1157 sint
1797 1110 1896 1174 post
1923 1123 2115 1157 mortem
2138 1132 2153 1165 ·,
2199 1110 2249 1156 &

267 1180 395 1244 quod
419 1178 523 1225 ideo
545 1177 679 1227 etiam
715 1192 905 1241 corpora
945 1175 1020 1225 sua
1052 1177 1178 1224 nihili
1214 1177 1393 1234 faciant,
1442 1177 1585 1224 modo
1618 1190 1842 1240 quantum
1882 1189 2068 1240 propter
2090 1178 2250 1232 vitam,

265 1260 406 1309 quam
428 1243 587 1290 dicunt
609 1242 942 1306 permansuram
977 1244 1027 1290 &
1050 1243 1312 1291 servituram
1336 1244 1577 1299 Domin03
1625 1243 1752 1306 quod
1791 1243 1896 1290 ideo
1932 1258 2116 1306 quoque
2154 1258 2253 1288 cor-

268 1325 382 1374 pora
424 1320 711 1356 mortuorum
755 1324 847 1355 non
891 1307 1120 1371 sepeliant,
1167 1309 1241 1355 sed
1284 1308 1538 1372 projiciant,
1584 1309 1631 1356 δε
1675 1321 1827 1371 tegant
1866 1310 2002 1355 ramis
2042 1308 2254 1356 arborum

265 1393 293 1425 e
325 1375 351 1422 s
376 1374 461 1422 lva.
962 1420 972 1427 .

341 1391 449 1498 1504.
483 1438 751 1501 Interrogati
784 1437 841 1485 de
863 1437 1046 1502 Magno
1082 1437 1164 1485 illo
1202 1439 1421 1502 Cingulo,
1459 1438 1584 1502 quod
1622 1454 1648 1485 a
1686 1438 1833 1486 nostra
1852 1438 2039 1487 Tellure
2075 1449 2257 1502 apparet

268 1507 311 1556 se
342 1506 513 1554 elevare
545 1504 675 1568 supra
706 1505 990 1553 horizontem
1016 1503 1214 1553 Planetae
1252 1503 1394 1562 istius,
1435 1505 1478 1551 81
1507 1505 1673 1552 variare
1704 1505 1829 1562 fituS,
1863 1505 2087 1561 dicebant,
2128 1503 2256 1568 quod

267 1572 441 1686 ffls
475 1585 570 1619 non
606 1583 815 1634 appareat
851 1579 906 1617 ut
943 1569 1216 1633 Cingulum,
1259 1571 1334 1619 sed
1367 1569 1515 1618 solum
1555 1582 1608 1617 ut
1645 1570 1856 1619 Niveum
1894 1573 1941 1618 in
1982 1572 2105 1619 coelo
2139 1573 2258 1618 varia

426 1651 528 1684 one.

270 1811 395 1888 De
442 1796 751 1885 Tellure
818 1804 941 1884 seu
1007 1807 1302 1886 Planeta
1341 1808 1745 1911 VENERJs,
1820 1804 2055 1920 deque
2108 1814 2261 1916 ejus
2314 1832 2394 1904 Σ(
2424 1841 2476 1898 {a

507 1947 513 1950 ’
841 1928 1227 2038 Spiritibu's
1271 1933 1355 2012 ἃ
1399 1931 1685 2012 IncoliS.
1929 2044 1945 2052 ,
2319 1944 2372 1991 ἀί
2408 1917 2502 1984 νς,-

2339 1999 2396 2052 2:
2431 2012 2499 2050 “50

277 2131 383 2182 105.
405 2115 690 2246 PLaneta
709 2116 898 2165 Veneris
937 2115 983 2164 in
1021 2117 1118 2165 idea
1152 2106 1405 2181 Spirituum
1444 2116 1494 2168 &
1518 2120 1807 2184 Angelorum
1844 2138 1867 2169 a
1902 2135 2028 2186 paret
2066 2121 2122 2171 ad
2159 2123 2261 2171 smi-

538 2182 679 2231 strum
716 2184 853 2247 paulo
885 2196 1019 2239 retro,
1060 2184 1115 2231 ad
1150 2184 1422 2248 aliquantam
1446 2185 1700 2235 distantiam
1737 2204 1760 2235 a
1783 2203 1844 2235 no
1883 2202 1932 2236 ra
1954 2189 2171 2238 Tellure:
2213 2193 2259 2237 in

275 2248 375 2297 idea
410 2249 645 2312 spirituum
690 2251 873 2307 dicitur,
925 2252 1032 2312 quia
1065 2250 1174 2297 nulli
1219 2252 1388 2315 spiritui
1419 2268 1600 2317 apparet
1645 2253 1723 2302 Sol
1765 2255 1943 2311 mundi,
1982 2271 2063 2302 nec
2101 2257 2261 2317 aliquis

274 2313 471 2370 Planeta,
511 2314 584 2363 sed
607 2315 798 2378 Spiritus
834 2316 976 2362 modo
1016 2316 1177 2363 habent
1215 2318 1360 2364 ideam
1401 2321 1525 2378 quod
1567 2321 1651 2366 [int
1672 2342 1687 2373 ;
1734 2336 1790 2365 ex
1820 2320 1909 2366 sola
1947 2321 2047 2366 idea
2083 2321 2139 2366 de
2174 2321 2260 2366 illis

275 2377 437 2425 sistitur
453 2381 530 2424 Sol
554 2382 716 2424 mundi
738 2395 764 2423 a
786 2392 914 2440 tergo
939 2378 1048 2422 ficut
1074 2380 1366 2440 caliginosum
1393 2383 1522 2441 quid,
1548 2384 1739 2442 planetae
1762 2397 1854 2428 non
1880 2383 1992 2428 ficut
2016 2383 2063 2429 in
2083 2384 2262 2433 mundo

275 2456 486 2498 errantes»,
524 2441 600 2488 'sed
624 2444 670 2489 in
694 2441 780 2489 suis
805 2442 913 2489 locis
938 2440 1201 2496 constanter,
1240 2444 1442 2490 videatur
1466 2445 1594 2507 supra
1631 2462 1689 2492 n:
1713 2464 1792 2505 42·

349 2507 449 2558 106.
485 2507 538 2554 In
563 2506 744 2556 Planeta
760 2508 949 2556 Veneris
984 2508 1085 2555 sunt
1109 2509 1203 2555 duo
1227 2509 1463 2557 hominum
1490 2526 1668 2572 genera,
1709 2511 1859 2559 indole
1892 2511 1971 2560 fibi
2007 2517 2259 2574 contraria3

282 2575 380 2622 sunt
403 2574 484 2638 qui
520 2575 652 2621 mites
683 2573 730 2621 δι
757 2575 963 2631 humani,
1005 2571 1052 2621 δι
1078 2574 1177 2622 sunt
1201 2577 1280 2638 qui
1308 2577 1505 2624 immites
1537 2578 1585 2624 δι
1610 2594 1737 2641 paene
1770 2577 1931 2634 ferini;
1957 2581 2035 2643 qui
2062 2583 2190 2630 mites
2214 2586 2264 2634 ὅτ

278 2641 482 2695 humani,
515 2653 731 2704 apparent
761 2657 785 2688 a
814 2656 938 2704 parte
961 2640 1096 2689 altera
1118 2642 1332 2698 Telluris,
1373 2644 1453 2705 qui
1478 2645 1675 2691 immites
1698 2645 1745 2692 &
1771 2660 1899 2707 paene
1929 2643 2076 2704 ferini,
2123 2665 2260 2713 appa-

279 2720 379 2756 rent
401 2722 426 2752 a
448 2718 570 2769 parte
590 2706 685 2769 ejus
709 2705 797 2754 huc
821 2704 1054 2770 speeiante.
1126 2710 1193 2755 At
1219 2708 1464 2765 sciendum,
1500 2710 1623 2772 quod
1659 2711 1719 2757 ita
1754 2724 1991 2774 appareant
2014 2712 2260 2764 secundum

278 2773 414 2822 status
437 2774 548 2819 vitae
580 2788 757 2830 eorum,
793 2790 899 2821 narn
937 2773 1073 2822 status
1095 2775 1205 2821 vitae
1240 2774 1348 2821 sistit
1383 2791 1570 2823 omnem
1606 2779 1912 2841 apparentiam
1950 2778 2075 2842 spatii
2107 2781 2156 2829 &
2190 2783 2259 2830 di-

281 2835 453 2888 stantiae
491 2838 567 2885 ibi.

1274 2908 1315 2955 F
1350 2924 1375 2956 2
1924 2925 2028 2977 107.
2056 2912 2266 2973 Quidam

341 3044 475 3110 (num.)-
495 3043 619 3111 Qupd
643 3042 824 3110 Influxus
850 3044 1057 3098 spiritualis
1078 3045 1138 3095 fit,
1161 3047 1199 3089 δι
1221 3062 1301 3089 non
1324 3047 1502 3104 physicus
1530 3049 1593 3092 seu
1625 3053 1829 3104 naturalis,
1870 3054 1925 3095 ita
1953 3057 2059 3112 quod
2089 3057 2261 3102 influxus
2288 3092 2291 3094 ,

282 3098 328 3141 fit
349 3117 372 3141 e
391 3102 575 3156 spirituah
603 3103 755 3143 mundo
780 3117 822 3142 m
855 3103 1076 3144 naturalem
1109 3104 1146 3146 &
1179 3119 1259 3146 non
1288 3121 1309 3147 e
1341 3109 1510 3148 naturali
1542 3109 1580 3149 in
1607 3108 1866 3163 spiritualem,
1901 3127 2100 3171 12:3219.
2126 3130 2256 3172 5119.

285 3171 413 3226 §259-
445 3172 581 3225 5427..
607 3160 732 3224 54²8·
770 3173 879 3215 5477
931 3162 1060 3215 6322.
1140 3161 1263 3216 Qod
1297 3176 1481 3217 appareat
1512 3165 1611 3208 ficut
1641 3167 1816 3212 influxus
1848 3169 1896 3213 fit
1931 3172 1981 3212 ab
2012 3175 2187 3216 externis
2218 3176 2265 3216 in

281 3223 443 3259 aterna
470 3216 661 3267 hominis,
696 3217 757 3260 sed
772 3219 883 3272 quod
906 3217 951 3261 fit
971 3219 1142 3274 fallacia,
1178 3235 1231 3263 n:
1253 3235 1381 3278 3721.

2084 3383 2158 3432 „ae
