2502 3432
245 173 335 241 28
503 170 619 235 Da
669 165 1272 234 TELLURIBUS
1324 172 1405 234 m
1452 167 1978 239 UNIVERSO:

241 317 294 348 ac
314 297 421 347 talia
450 295 510 344 ad
531 293 714 344 nullum
734 290 870 341 usum
901 292 1214 358 applicuerunt
1228 314 1248 350 ·,
1291 291 1338 341 hi
1360 307 1418 342 ne
1437 292 1627 359 quidem
1647 293 2082 360 repraesentationem
2106 297 2233 350 illam

244 362 625 427 comprehendere
648 372 907 423 potuerunt.
2118 384 2122 386 *
2151 386 2158 410 ;
2180 402 2186 410 ,
2218 406 2222 410 .

310 430 393 479 68.
425 430 480 477 In
502 427 688 476 Tellure
708 426 892 473 illorum
916 442 1055 490 quam
1081 426 1279 474 maxime
1310 437 1510 487 cavetur,
1541 443 1601 474 ne
1622 426 1781 491 aliquis
1804 426 1978 476 labatur
2002 430 2049 477 in
2073 433 2261 494 pravas&

242 497 479 560 opiniones
512 494 569 541 de
591 492 749 541 Unico
771 494 1013 548 Domino,
1054 495 1102 540 δε
1143 492 1175 539 fi
1211 493 1574 540 animadvertunt
1595 495 1722 556 quod
1751 494 1891 557 aliqui
1928 495 2144 559 incipiant
2171 499 2234 545 de

243 561 348 626 Ipso
382 561 549 609 finistre
580 560 793 621 cogitare,
830 560 1036 621 primum
1068 558 1317 606 admonent
1350 558 1499 618 illum,
1533 559 1638 606 dein
1678 576 1757 624 per
1779 563 1939 617 minas,
1976 563 2025 609 δε
2049 563 2258 621 tandem·

246 645 329 692 per
352 642 511 691 poenas
534 624 803 672 absterrent:
843 624 1072 680 dixerunt,
1106 625 1234 688 quod
1266 623 1614 681 observaverint,
1650 625 1682 672 s1
1724 625 1811 674 tale
1847 627 1960 689 quid
1993 630 2146 692 irrepit
2185 630 2233 676 in

245 696 446 758 aliquam
470 690 709 746 familiam,
748 690 876 752 quod
898 689 973 736 illa
996 690 1178 737 tollatur
1208 706 1233 736 e
1268 690 1436 746 medio,
1476 706 1567 737 non
1591 706 1670 753 per
1702 707 1852 754 paenas
1870 694 2034 740 mortis
2057 711 2082 741 a
2106 694 2231 743 soda-

245 760 382 815 libus,
421 757 495 805 sed
517 772 598 820 per
620 757 923 818 privationem
955 754 1252 818 respirationis
1273 755 1322 802 δι
1347 755 1451 802 inde
1474 757 1583 802 vitae
1617 772 1642 802 a
1663 755 1904 818 spiritibus,
1928 759 2166 823 postquam
2202 763 2234 809 ii
2254 783 2257 786 ·

246 826 451 889 primum
476 834 673 870 mortem
697 820 782 867 illis
807 821 1217 868 denuntiaverunt:
1267 837 1369 868 nam
1409 822 1456 868 in
1492 821 1567 868 illa
1606 820 1761 868 tellure
1786 823 2033 886 loquuntur
2054 825 2235 888 spiritus

245 906 358 938 cum
382 889 486 944 illis,
524 890 572 935 δι
594 886 811 949 castigant
832 887 934 933 illos
958 886 990 932 fi
1016 886 1187 934 malum
1227 883 1445 944 fecerunt,
1481 888 1530 934 ὅτ
1553 902 1736 950 quoque
1771 887 1804 934 fi
1830 889 2003 936 malum
2030 892 2235 940 intende-

241 969 354 1005 runt
384 954 543 1013 facere,
578 953 637 1000 de
661 968 750 1015 qua
781 969 826 1000 re
866 954 911 999 in
952 951 1269 1016 sequentibus·,
1316 951 1421 999 inde
1457 952 1490 998 fi
1513 952 1629 1000 male
1653 953 1855 1016 cogitant
1877 954 1934 1000 de
1957 956 2112 1004 Unico
2134 958 2239 1006 Do·

241 1024 392 1078 mino,
427 1020 473 1067 fi·
495 1035 589 1072 non
624 1017 899 1081 resipiscunt,
937 1016 1227 1066 denuntiatur
1251 1018 1336 1065 illis
1373 1024 1527 1066 mors:
1565 1018 1653 1066 hoc
1683 1019 1826 1067 modo
1856 1020 2142 1070 conservatur
2169 1024 2236 1073 ibi

249 1086 417 1136 Cultus
433 1085 646 1140 Domini,
685 1085 766 1148 qui
786 1085 873 1131 illis
891 1083 958 1130 est
981 1086 1258 1147 Supremurn
1281 1085 1522 1131 Divinum.

316 1154 391 1218 69.
429 1151 670 1206 Dicebant,
706 1150 834 1213 quod
871 1166 965 1197 non
1004 1150 1196 1198 habeant
1232 1148 1366 1197 festos
1410 1150 1520 1207 dies,
1566 1148 1640 1196 sed
1673 1150 1801 1213 quod
1839 1151 2045 1214 quolibet
2081 1170 2233 1211 mane,

245 1221 420 1269 oriente
444 1217 549 1273 sole,
589 1217 638 1264 &
663 1216 862 1278 qualibet
886 1215 1082 1279 vespera,
1122 1215 1354 1264 occidente
1377 1214 1482 1270 sole,
1523 1216 1700 1263 cultum
1732 1215 1932 1264 faustum
1955 1219 2115 1267 Unico
2134 1220 2238 1269 Do-

243 1289 377 1335 mino
411 1286 459 1331 in
482 1284 717 1330 Tentoriis
745 1281 836 1328 suis
855 1280 1023 1328 saciant
1037 1303 1056 1336 ς
1097 1282 1147 1328 ὅτ
1170 1281 1297 1343 quod
1320 1281 1455 1327 etiam
1476 1279 1560 1327 suo
1583 1281 1726 1327 modo
1747 1280 1946 1343 psallant.

318 1368 395 1415 70.
434 1351 578 1396 Porro
610 1346 851 1393 instructus
885 1346 1001 1400 sum,
1041 1346 1168 1407 quod
1206 1347 1254 1392 in
1297 1345 1371 1392 illa
1393 1344 1578 1392 Tellure
1609 1347 1744 1392 etiam
1779 1345 1864 1393 sint
1887 1348 2030 1410 quise
2053 1352 2255 1402 Sanetus-

245 1427 432 1470 vocant,
471 1429 521 1460 ac
544 1414 768 1475 imperant
790 1411 873 1457 sub
896 1426 1035 1474 poena
1056 1410 1253 1466 famulis,
1291 1425 1408 1473 quos
1430 1410 1752 1474 multiplicant,
1772 1423 1823 1458 ut
1846 1411 1888 1460 se
1922 1414 2134 1464 dominos
2156 1435 2251 1482 ap-:

242 1482 449 1547 pellent3
497 1478 740 1542 prohibent
761 1478 896 1524 etiam
921 1477 1008 1523 illis
1031 1487 1083 1524 ut
1115 1476 1302 1524 adorent
1321 1477 1580 1524 Dominum
1612 1477 1836 1534 Univerfi,
1876 1478 2074 1530 dicentes
2107 1485 2252 1548 quodi

247 1549 312 1596 illi
356 1545 534 1594 domini
574 1544 842 1592 mediatores
885 1542 987 1599 srnt,
1032 1544 1083 1591 &
1120 1542 1247 1605 quod
1293 1541 1635 1605 supplicationes
1678 1558 1836 1590 eorum
1881 1546 1937 1592 ad
1977 1545 2282 1598 Dominumn'

248 1612 440 1661 universi
464 1611 638 1658 allaturi
663 1609 762 1657 sint.
803 1610 1062 1656 Dominum
1088 1607 1298 1662 universi,
1329 1609 1408 1669 qui
1432 1606 1493 1652 est
1509 1607 1746 1654 Dominus
1770 1608 1932 1666 noster,
1958 1606 2255 1663 nonwocanr

248 1680 459 1727 Unicum
483 1675 762 1731 Dominum,
799 1674 911 1720 ficut
943 1673 1120 1736 reliqui,
1161 1672 1236 1719 sed
1261 1673 1537 1734 Supremum
1562 1672 1840 1730 Dominum,
1881 1691 1937 1722 ex
1969 1678 2096 1725 causa
2129 1682 2248 1743 quia.

246 1747 383 1793 etiarn
416 1742 483 1789 illi
523 1740 564 1787 se
603 1740 763 1787 dicunt
799 1739 1026 1786 dominos.
1095 1738 1276 1785 Vocant
1322 1736 1386 1784 illi
1422 1737 1574 1784 Solem
1616 1739 1775 1785 mundi
1817 1737 1983 1788 faciem
2022 1745 2236 1809 Supremi

246 1810 462 1864 Domini,
503 1808 553 1854 δε
577 1805 638 1852 ibi
662 1805 853 1851 credunt
877 1803 1163 1852 domicilium
1187 1803 1333 1866 Ipfius
1352 1803 1455 1857 effe,
1490 1816 1766 1866 quapropter
1788 1806 1924 1854 etiam
1948 1809 2101 1861 Solem
2124 1811 2239 1864 ado-2

249 1889 363 1925 rant.
434 1873 540 1921 Illos
575 1871 734 1934 reliqui
765 1870 927 1917 incolae
965 1869 1234 1926 aversantur,
1268 1871 1318 1917 δε
1358 1884 1468 1916 cum
1505 1869 1593 1917 illis
1635 1870 1883 1919 conversari
1922 1890 2014 1922 non
2054 1865 2251 1936 velutin}

246 1956 345 1990 -tam
369 1941 475 2005 quia
508 1938 667 1986 Solem
708 1936 910 1993 adorant,
953 1937 1224 2000 quam-quia
1247 1935 1459 1983 dominos
1488 1934 1536 1982 se
1559 1949 1742 1993 vocant,
1778 1937 1830 1985 δε
1870 1954 1897 1985 a
1929 1938 2109 1990 famulis
2145 1942 2258 1991 suis-

249 2008 464 2058 eoluntur
485 2004 599 2051 ficut
619 2003 684 2050 dii
708 2002 988 2051 mediatores.
1057 2001 1302 2050 Ostensurn
1329 2001 1438 2047 mihi
1461 2013 1553 2048 erat
1576 2018 1600 2047 a
1623 2002 1862 2063 Spiritibus
1883 2006 2251 2069 Tegumentuml

251 2073 426 2138 Capitis
455 2071 660 2126 illorum,
700 2069 826 2133 quod
850 2067 936 2116 fuit
957 2069 1101 2133 pileus
1125 2068 1310 2116 turritus
1329 2065 1499 2115 coloris
1524 2065 1713 2114 obscuri.
1783 2068 1838 2116 In
1858 2070 1990 2119 altera
2013 2074 2106 2122 vita
2128 2075 2247 2123 tales.

245 2151 467 2205 ⁴apparent
489 2137 546 2185 ad
567 2134 792 2184 sinistrum
815 2136 862 2182 in
896 2135 1046 2199 aliqua
1077 2133 1330 2190 altitudine,
1369 2148 1420 2180 ac
1458 2132 1520 2179 ibi
1552 2131 1703 2180 sedent
1732 2132 1847 2185 ficut
1869 2136 2006 2194 idola,
2044 2139 2244 2203 &quo-⁴

250 2223 342 2272 que
379 2205 508 2252 initio
544 2219 570 2250 a
605 2200 804 2257 famuliS,
849 2202 931 2265 qui
970 2200 1093 2264 apud
1130 2200 1240 2248 tales
1273 2198 1471 2254 fuerunt,
1508 2198 1756 2255 coluntur·,
1799 2199 1871 2249 sed
1903 2203 2051 2264 postea
2089 2206 2145 2253 ab
2182 2209 2247 2255 ii&

249 2286 437 2336 quoque
475 2267 636 2317 derisui
667 2266 900 2315 habentur.
972 2267 1118 2329 Quod
1149 2267 1352 2322 miratus,
1398 2264 1462 2311 ibi
1502 2263 1654 2311 lucent
1700 2263 1830 2323 facie,
1867 2266 1980 2316 ficut
2018 2271 2074 2318 ab
2111 2273 2253 2335 igne,-

249 2338 377 2402 quod
401 2335 586 2383 trahunt
605 2348 663 2380 ex
685 2348 757 2387 eo,
796 2331 925 2394 quod
945 2332 1219 2379 crediderint
1248 2331 1291 2378 se
1313 2330 1483 2377 sanstus
1503 2328 1627 2375 fuiffe
1647 2351 1664 2384 ς
1703 2330 1778 2377 sed
1813 2334 2002 2381 tametsL
2023 2351 2245 2400 apparenu

251 2403 364 2452 facie
387 2401 499 2449 ficut
522 2398 661 2464 ignei,
701 2395 839 2460 usque
862 2395 964 2444 sunt
985 2394 1159 2460 frigidi,
1198 2397 1247 2444 δε
1270 2393 1468 2458 impense
1490 2395 1683 2455 cupiunt
1707 2394 1954 2453 calefieri-,fi
1969 2401 2247 2466 indeffpatete

242 2469 380 2534 ⁴quod
403 2467 539 2531 ignis,
577 2479 636 2512 ex
655 2478 751 2526 quo
789 2462 958 2518 lucent,
999 2461 1054 2509 fit
1085 2462 1205 2525 ignis
1241 2461 1407 2509 amoris
1444 2458 1510 2506 sui
1531 2460 1580 2506 &
1603 2457 1807 2507 fatuus.·‘
1834 2461 2000 2524 Iidem,
2037 2479 2090 2515 ut
2121 2471 2253 2518 cale--

251 2538 382 2592 fiant,
421 2534 545 2596 ligna
566 2530 707 2578 secare
730 2528 811 2576 fibi
834 2528 1063 2586 videntur,
1106 2530 1154 2575 &
1180 2543 1288 2574 cum
1312 2525 1474 2582 secant,
1505 2523 1590 2585 sub
1623 2524 1759 2588 lignis
1793 2543 1973 2591 apparet
2006 2525 2240 2596 quid‘hmx

254 2602 410 2659 minis,
450 2613 590 2663 quem
614 2608 724 2644 tunc
747 2594 880 2642 simul
903 2605 1124 2643 conantur
1142 2605 1405 2656 pereutere3
1453 2591 1540 2638 hoc
1565 2590 1618 2638 fit
1637 2591 1758 2649 inde,
1792 2596 1898 2656 quia
1919 2597 2001 2645 fibi
2034 2599 2256 2650 tribuunt‘

248 2668 471 2716 meritum
496 2665 549 2713 &-
568 2662 842 2711 sanctitatem
864 2682 897 2717 3-
923 2661 1005 2724 qui
1039 2660 1127 2709 hoc
1163 2657 1332 2706 faciunt
1365 2659 1411 2704 in
1447 2657 1640 2714 mundo,
1679 2658 1725 2704 in
1757 2658 1891 2707 altera
1913 2665 2005 2711 vita
2027 2666 2238 2715 videntur

257 2734 338 2781 fibi
371 2734 494 2796 ligna
530 2730 704 2785 secare;
754 2740 805 2775 ut
837 2742 1021 2791 quoque
1052 2726 1190 2789 aliqui
1225 2740 1251 2773 e
1281 2723 1429 2772 nostra
1453 2722 1654 2780 Tellure,
1679 2724 1737 2772 de
1758 2725 1922 2787 quibus
1954 2730 2057 2778 alibi
2083 2733 2240 2786 astum

259 2798 353 2852 est,
391 2811 442 2845 ut
465 2813 531 2845 res
555 2794 814 2850 illustretur,
847 2794 951 2840 licet
974 2791 1291 2856 experientiam
1314 2790 1370 2838 de
1394 2789 1666 2853 hisquoque
1698 2791 1937 2852 adducere,
1982 2801 2016 2823 ‘⁶
2034 2797 2091 2843 in
2123 2797 2235 2844 infe-

260 2867 296 2891 ·‘
319 2864 432 2909 riore
469 2874 583 2910 terra
618 2861 699 2908 sub
737 2859 899 2922 plantis
922 2859 1134 2923 pedum,
1159 2857 1261 2904 sunt
1291 2857 1426 2904 etiam
1463 2855 1638 2919 illi-qui
1679 2858 1891 2906 meritum
1912 2861 2154 2923 posuerunt
2186 2865 2235 2911 in

258 2934 296 2955 ‘⁴
320 2927 547 2973 beneaelis
562 2927 611 2973 ὅτ
635 2925 875 2990 operibus3
915 2925 1066 2989 plures
1099 2939 1258 2972 eorum
1282 2934 1492 2986 apparent
1508 2921 1594 2969 :fibi
1618 2922 1900 2986 lignasecare
1917 2946 1935 2979 ;
1975 2925 2115 2981 locus,
2156 2928 2233 2976 ubi

259 2999 298 3022 '⁸
320 2992 438 3048 sunt,
472 2990 534 3036 est
571 2989 794 3051 frigidior,
835 2993 884 3038 &
905 2991 1118 3037 videntur
1141 2990 1221 3036 fibi
1245 2991 1439 3040 calorem
1476 2989 1701 3051 acquirere
1723 3004 1804 3051 per
1836 2989 2030 3037 laborem
2065 2989 2195 3040 suum
2215 3013 2230 3042 ς

264 3055 725 3117 f⁰cum=-.ill'ss-etiam
761 3055 977 3117 loquutus
1014 3054 1234 3114 sum,‘2&¹
1256 3054 1522 3113 illis-dicere
1553 3054 1732 3110 datum,
1771 3069 1941 3101 numne
1977 3053 2255 3108 vellentex

1146 3164 1158 3170 .
1200 3125 1241 3168 n!
2076 3128 2113 3179 .“
2134 3123 2262 3175 loco-
