2632 3516
221 259 252 314 8
404 244 900 310 DOCTRINA
945 243 1227 305 NOVAE
1273 243 1993 310 'HIEROSOLYMAE

156 378 163 383 ’
227 382 311 430 hac
334 389 412 438 per
431 373 572 422 fidem
593 370 658 422 e'st
677 370 933 435 conjunfflo
946 408 960 429 ‚
994 386 1074 435 per
1096 372 1361 422 charitatem
1384 372 1639 437 conjunfflo
1659 377 1846 427 Domini
1859 393 1964 428 curn
1985 379 2190 440 homine,

217 443 278 497 ἃ
300 452 378 503 per
401 439 541 488 fidem
566 437 824 501 conjunctio
846 437 1037 487 hominis
1061 453 1167 486 cum
1190 438 1415 488 Domino:
1449 439 1568 503 quod
1593 441 1846 505 conjunffio
1869 444 2098 508 reciproca
2115 445 2193 505 fit,

231 506 438 557 videatur
455 505 501 553 in
521 505 780 552 Docrnnu
803 519 924 552 vnffl
948 518 1040 551 Pno
1059 518 1186 552 novn
1207 503 1551 553 Httnosonm
1565 518 1617 554 n:
1644 520 1730 555 102
1756 507 1814 555 ad
1836 510 1944 571 107.

297 584 376 632 23.
424 571 478 618 In
495 567 688 626 summa,
723 581 935 632 quantum
967 567 1061 631 quis
1079 567 1200 630 fugit
1225 569 1341 617 mala
1365 581 1413 616 ut
1444 581 1657 631 peccata,
1691 569 1741 620 ἃ
1766 571 1934 634 Γρεὲὶαῑ
1952 573 2010 622 ad
2034 574 2195 623 Domi-

230 650 338 685 num
358 669 373 691 ‚
406 646 580 684 tantum
610 633 657 681 in
684 633 900 683 charitate
929 631 1021 691 est,
1062 633 1249 696 proinde
1283 646 1456 681 tantum
1477 634 1522 683 in
1551 633 1643 682 fide
1667 634 1746 684 est.
1814 637 1951 704 Quod
1987 654 2200 699 quantum

230 700 327 765 quis
355 699 472 764 fugit
495 701 613 747 mala
642 710 689 746 ut
719 712 911 760 peccata
939 696 988 745 ἀ
1018 694 1189 761 Γρεέὶειι
1209 697 1268 746 ad
1297 698 1776 758 Dominum,-tantum
1801 701 1847 750 in
1877 703 2095 752 charitate
2117 703 2197 761 fit,

229 765 435 814 videatur
463 765 508 813 in
534 766 786 814 DochNA
805 779 933 812 virm
953 778 1042 810 rizo
1071 777 1194 812 Novit
1218 763 1568 813 Hta-nosomm
1589 779 1632 813 n.
1654 769 1722 826 ‹67
1744 766 1799 813 ad
1824 782 1914 828 733
1949 781 2042 815 tum
2062 783 2106 815 n.
2132 783 2196 829 74

229 829 288 944 }d
307 844 400 944 {3¹3
431 827 483 879 δι
505 828 820 942 quodbtantum
844 828 982 878 fidem
1012 827 1201 888 habeat,
1237 842 1281 879 n.
1314 843 1376 888 52
1406 828 1463 877 ad
1489 843 1574 895 ,¹52-
1611 829 1717 893 quid
1742 830 1929 881 charitas
1949 833 1994 881 in
2015 834 2196 895 proprio

250 910 306 944 en
325 910 353 943 u
415 908 540 952 n.,11
597 910 613 943 1
645 910 675 942 1.

298 930 378 1015 24,
419 960 489 1007 Ex
517 909 722 1007 oinnibus
749 973 848 1022 quae
874 956 1087 1006 haSAEenus
1114 954 1232 1006 die'ta
1260 956 1383 1017 sunt,
1415 954 1617 1006 constare
1645 956 1817 1020 potest,
1851 957 1971 1022 quod
2000 957 2113 1007 fides
2133 958 2199 1019 sa-

230 1025 438 1080 lutifera,
475 1039 578 1137 qua}
604 1021 669 1071 est
697 1023 869 1087 agnitio
899 1023 1071 1072 inte-rna
1100 1022 1221 1082 veri,
1253 1036 1344 1071 non
1370 1022 1466 1073 dari
1487 1035 1621 1087 queat
1650 1024 1769 1087 apud
1795 1024 1927 1084 alios,
1963 1039 2097 1089 quam
2127 1024 2202 1089 qui

232 1089 280 1142 in
302 1088 531 1139 charitate
571 1099 663 1136 unt.
1732 1096 1734 1099 ’

295 1219 530 1325 Quod
561 1218 1037 1327 Cognitionffi
1058 1220 1209 1299 veri
1233 1225 1308 1298 &
1326 1220 1508 1297 'boni
1527 1247 1679 1299 non
1706 1220 1842 1298 fint
1875 1220 2131 1318 Fidei,

353 1348 749 1433 antequam
779 1330 1005 1405 homo
1038 1328 1114 1406 in
1138 1327 1502 1407 Charitate
1529 1329 1637 1406 est
1656 1390 1678 1423 ,
1735 1327 1854 1405 sed
1877 1328 2081 1431 quod

398 1436 537 1519 fint
557 1435 1183 1542 Promptuarium,
1235 1463 1323 1515 ex
1356 1462 1506 1541 quo
1534 1436 1758 1516 Fides
1797 1436 2043 1516 Chari÷

854 1544 1013 1624 tatis
1044 1543 1328 1626 formari
1353 1545 1613 1651 potest.

242 1735 319 1781 25.
477 1716 515 1768 st
546 1719 717 1769 homini
751 1716 935 1768 affefflo
965 1719 1132 1769 sciendi
1159 1732 1214 1767 ex
1242 1718 1385 1781 prima
1412 1718 1625 1782 pueritia,
1658 1715 1874 1781 perhanc
1897 1715 2023 1766 discit
2054 1719 2198 1782 plura,

386 1728 470 1839 E
508 1799 606 1845 quae
634 1786 693 1832 illi
718 1784 811 1832 usui
835 1795 990 1841 erunt,
1024 1783 1074 1831 ἃ
1099 1786 1222 1846 plura
1251 1799 1349 1845 quae
1379 1797 1467 1831 non
1499 1784 1612 1833 usui:
1649 1796 1754 1830 cum
1779 1782 2018 1839 adolescit,
2054 1798 2110 1830 ex
2129 1798 2204 1846 ap-

238 1850 476 1914 plicatione
503 1849 559 1897 ad
583 1847 809 1911 quoddam
835 1848 1092 1909 negotium,
1126 1847 1272 1895 haurit
1299 1848 1370 1897 illa
1397 1864 1496 1911 quae
1524 1849 1588 1897 rei
1617 1846 1787 1909 negotii
1814 1844 1938 1903 sunt;
1975 1846 2062 1895 hoc
2093 1847 2145 1895 fit
2165 1848 2210 1896 ei

239 1926 348 1964 tunc
379 1913 505 1972 usus,
539 1928 630 1976 quo
658 1912 867 1960 afficit-ur:
901 1909 962 1959 fic
984 1911 1164 1959 inchoat
1196 1911 1379 1960 affefflo
1402 1913 1503 1961 usus
1519 1946 1538 1972 ,
1576 1927 1671 1975 quae
1693 1910 1898 1972 producit
1922 1910 2207 1960 affectionem

240 1979 492 2027 mediorum
512 2010 526 2031 ,
560 1990 638 2039 per
662 1990 759 2040 quae
783 1976 903 2023 venit
923 1976 979 2023 ad
1009 1977 1239 2037 negotium
1259 1976 1379 2025 suum
1398 2013 1412 2035 ,
1445 1977 1564 2039 quod
1588 1977 1680 2038 ejus
1702 1973 1796 2021 usus
1820 1972 1899 2021 est.
1969 1975 2079 2022 Haec
2106 1990 2208 2036 pro-

241 2042 402 2106 gresfio
424 2039 490 2088 est
511 2039 629 2102 apud
650 2043 986 2102 unumquemvis
1007 2039 1053 2087 in
1074 2040 1240 2093 mundo
1256 2077 1270 2100 ,
1303 2043 1403 2104 quia
1425 2041 1657 2102 unicuique
1676 2036 1740 2087 est
1759 2037 1932 2098 aliquod
1956 2039 2211 2101 negotium,

241 2106 300 2155 ad
326 2104 446 2168 quod
461 2106 522 2154 ab
540 2104 616 2151 usu
641 2105 716 2166 qui
736 2102 801 2151 est
834 2103 934 2150 finis
955 2118 1033 2165 per
1056 2105 1206 2152 media
1227 2105 1282 2151 ad
1311 2106 1450 2167 ipsum
1469 2105 1590 2152 usum
1613 2104 1688 2167 qui
1715 2100 1780 2149 est
1801 2100 1986 2150 effectus
2003 2138 2016 2157 ,
2050 2118 2208 2164 proce·

242 2171 324 2221 dit.
392 2169 568 2218 Verum
587 2169 688 2230 quia
708 2167 788 2216 hic
810 2166 904 2215 usus
924 2181 1029 2215 cum
1047 2167 1204 2216 mediis
1218 2168 1318 2232 ejus
1337 2169 1402 2217 est
1422 2185 1505 2232 pro
1526 2169 1617 2218 vita
1636 2170 1683 2216 in
1712 2165 1907 2225 munde,
1940 2165 2007 2216 est
2027 2167 2119 2231 ejus
2142 2166 2207 2216 af-

243 2233 382 2285 fefflo
401 2232 622 2281 naturalis·
1255 2264 1269 2278 t

310 2301 384 2347 26.
419 2297 509 2346 Sed
528 2297 632 2359 quia
651 2296 795 2345 omnis
817 2296 955 2345 homo
973 2311 1061 2345 non
1086 2296 1224 2346 modo
1249 2297 1274 2344 s
1267 2297 1536 2359 peasa-usus
1563 2312 1645 2360 pro
1672 2295 1765 2344 vita
1785 2295 1829 2343 in
1847 2294 2015 2346 mundo
2032 2330 2046 2351 ‚
2069 2296 2141 2344 sed
2158 2312 2208 2345 e-

241 2365 353 2414 tiam
375 2362 587 2427 spestabit
613 2361 709 2410 usus
737 2377 819 2421 pro
853 2363 946 2410 vita
979 2360 1025 2410 in
1040 2363 1189 2420 Coelo,
1224 2365 1268 2411 in
1301 2363 1417 2412 hanc
1445 2364 1564 2411 enim
1586 2361 1682 2423 post
1705 2362 1845 2408 vitam
1878 2360 1922 2407 in
1943 2360 2110 2409 mundo
2132 2377 2210 2410 ve·

243 2430 366 2487 niet,
401 2427 452 2476 &
480 2429 523 2476 in
544 2427 631 2476 hac
655 2425 754 2490 post
774 2427 894 2475 illam
915 2427 1040 2475 vivet
1063 2428 1108 2475 in
1131 2440 1365 2477 aeternum:
1399 2428 1504 2477 ideo
1525 2427 1701 2490 quisque
1723 2441 1747 2472 a
1772 2424 1958 2486 pueritia
1980 2439 2213 2488 comparat

245 2493 327 2542 fibi
346 2493 625 2557 cognitiones
648 2492 745 2540 veri
765 2490 811 2539 δι
831 2493 937 2540 boni
957 2507 1011 2540 ex
1035 2492 1221 2550 Veri-20,
1255 2504 1331 2541 aut
1361 2507 1415 2540 ex
1447 2490 1648 2540 dosii-ina
1670 2488 1905 2546 Ecclefiae,
1937 2501 2010 2537 aut
2025 2506 2079 2537 ex
2102 2505 2211 2552 prae-

243 2558 472 2607 dicatione
491 2591 510 2617 ,
545 2572 643 2620 quae
675 2572 756 2619 pro
789 2557 860 2605 illa
892 2557 986 2604 vita
1018 2569 1169 2614 erunt,
1206 2555 1255 2605 ἃ
1289 2557 1463 2619 reponit
1491 2559 1582 2604 illas
1611 2557 1656 2603 in
1685 2554 1899 2602 memoria
1924 2555 2137 2614 naturali,
2169 2556 2214 2603 in

247 2623 420 2687 majore
450 2635 525 2671 aut
555 2622 726 2670 minore
747 2620 877 2682 copia
903 2620 1141 2670 secundum
1172 2620 1457 2675 affeffionem
1481 2621 1646 2671 sciendi
1664 2629 1926 2678 connatam,
1961 2617 2010 2667 δι
2035 2633 2113 2682 per
2135 2635 2212 2668 va·

246 2690 313 2737 ria
334 2687 640 2737 excitamenta
669 2685 858 2734 auffixm.
1143 2696 1166 2711 ²·

316 2767 394 2811 27.
435 2751 527 2802 Sed
555 2766 709 2800 omnes
743 2751 813 2798 hae
838 2750 1139 2813 cognitiones,
1175 2762 1457 2816 quotcunque
1488 2751 1537 2800 ἃ
1568 2748 1883 2813 qualescunque
1912 2747 2038 2804 sunt,
2071 2747 2214 2795 modo

248 2817 346 2864 sunt
364 2816 713 2879 promptuarium
734 2830 789 2864 ex
808 2831 896 2879 quo
916 2814 1026 2863 fides
1054 2816 1278 2864 charitatis
1291 2816 1472 2866 formari
1494 2813 1669 2879 potest3
1692 2813 1740 2862 δι
1764 2813 1861 2864 haec
1880 2812 1991 2861 fides
2012 2828 2102 2860 non
2125 2812 2213 2860 for·

249 2893 418 2938 matur,
452 2880 531 2928 nifi
559 2895 771 2943 quantum
799 2880 915 2942 fugit
949 2882 1064 2930 mala
1090 2893 1137 2928 ut
1169 2895 1382 2943 peccata„
1434 2882 1482 2930 Si
1505 2881 1619 2943 fugit
1640 2880 1756 2926 mala
1777 2890 1824 2924 ut
1854 2890 2069 2940 peccata,
2108 2889 2214 2923 tunc

250 2944 528 3005 cognitiones
558 2947 640 2993 illae
670 2945 781 2993 fiunt
811 2943 947 3002 fidei,
981 2946 1054 2994 cui
1081 2946 1175 2994 vita
1192 2945 1425 3006 spiritualis
1445 2944 1581 2994 inest:
1617 2943 1649 2991 s1
1671 2955 1820 2991 autem
1846 2958 1934 2990 non
1955 2942 2068 3005 fugit
2099 2939 2212 2987 mala

251 3017 304 3054 ut
322 3019 534 3069 peccata,
566 3009 841 3070 cognitiones
866 3010 950 3059 illae
978 3024 1067 3058 non
1096 3008 1192 3058 sunt
1214 3009 1292 3058 nifi
1311 3026 1442 3074 quam
1462 3009 1763 3074 cognitiones,
1797 3005 1847 3055 ἀ
1870 3021 1959 3055 non
1979 3005 2087 3053 fiunt
2106 3000 2212 3050 fidei

250 3070 323 3126 cui
344 3070 488 3130 aliqua
506 3069 598 3122 vita
619 3071 845 3131 spiritualis
863 3073 988 3127 inest.

318 3139 378 3189 28
409 3133 520 3184 Hoc
533 3135 885 3198 Promptuariurn
907 3139 1100 3189 maxime
1117 3138 1407 3190 necess‘arium
1428 3136 1491 3188 est
1504 3137 1729 3203 ,quoniam
1742 3133 1902 3198 absque
1923 3133 1998 3182 illo
2015 3143 2103 3180 non
2125 3127 2214 3176 for-

2122 3207 2214 3242 ma·
