2502 3432
534 188 663 280 υμ-
689 181 1296 249 mutuamus
1344 180 1992 245 mumvssnso.
2185 200 2274 265 45

397 475 402 483 .
486 493 492 496 ,
535 405 686 489 De
742 400 1121 510 Spiritibus
1183 402 1264 479 &
1322 399 1585 479 Incolis
1617 402 1715 487 ⁴.L
1740 428 1791 478 u
1822 393 1979 479 NAE.
2236 455 2242 469 ,
2283 386 2502 538 {⁶254

305 595 411 628 111.
531 561 534 563 ’
562 531 706 639 Liqui
728 575 921 637 Spiritus
950 571 1222 636 apparebant
1254 570 1387 633 supra
1417 582 1570 633 caput,
1608 569 1657 616 &
1683 569 1789 616 inde
1805 568 1990 615 ‘rauditae
2025 569 2126 617 sunt
2150 585 2284 618 voces
2335 539 2405 618 ss'
2418 565 2499 598 (Ν

600 642 712 688 sicut
742 642 954 695 tonitrua,
996 655 1100 685 nam
1123 654 1215 684 non
1236 637 1360 683 aliter
1383 637 1595 683 tonabant
1619 651 1751 681 voces
1788 650 1964 690 eorum,
2001 651 2138 697 quarn
2173 637 2284 684 ficut
2312 620 2502 699 &4⁷09

299 726 326 760 e
348 708 541 757 nubibus
565 709 764 754 tonitrua
796 705 896 770 post
931 704 1153 751 fulmina:
1202 703 1511 757 autumabam,
1546 701 1672 764 quod
1702 701 1806 748 effet
1843 702 2001 762 ingens
2035 700 2286 747 multitudo

300 764 558 839 spirituum,
598 775 678 836 qui
703 764 934 819 callebant'
955 778 1044 818 arte
1077 785 1212 817 voces
1244 769 1373 815 edere
1412 784 1521 815 cum
1561 767 1635 813 tali
1672 766 1832 815 sonitu.
1901 769 2092 830 Spiritus
2115 767 2287 829 simpli·

299 843 457 896 cioreS,
496 841 576 903 qui
609 839 730 902 apud
755 855 829 885 me
857 849 998 892 erant,
1032 836 1132 883 illos
1162 835 1402 882 irridebant
1420 856 1436 889 ·,
1468 834 1594 897 quod
1620 834 1749 881 valde
1775 836 1959 881 miratus
1984 832 2114 880 sum:
2156 831 2286 879 causa

301 907 509 954 irrifionis
550 921 660 953 mox
700 904 1006 967 detegebatur,
1056 917 1161 966 quae
1206 915 1314 956 erat,
1366 901 1490 963 quod
1535 901 1744 963 Spiritus,
1791 902 1871 963 qui
1921 899 2148 955 tonabant,
2194 914 2287 946 non

302 973 435 1019 multi
459 972 599 1019 essent
616 971 687 1018 sed
717 971 866 1034 pauci,
906 971 954 1017 &
991 983 1176 1032 quoque
1200 968 1327 1031 parvi
1362 967 1474 1013 ficut
1509 967 1672 1029 pueri3
1715 968 1764 1013 δε
1799 966 1927 1029 quod
1963 966 2027 1012 illi
2059 968 2120 1012 eis
2161 967 2287 1028 prius

298 1055 378 1102 per
407 1037 515 1085 tales
539 1037 706 1085 sonitus
741 1051 953 1084 terrorem
989 1034 1266 1088 incusserint,-
1309 1035 1358 1081 δε
1382 1046 1533 1080 tamen
1569 1032 1746 1096 prorsus
1781 1033 1892 1080 nihil
1924 1032 2079 1079 damni
2111 1032 2286 1095 poffent

300 1102 475 1150 inferre.
548 1107 616 1150 Ut
638 1103 811 1158 scirem,
851 1103 1004 1164 quales
1040 1102 1195 1157 effent,
1235 1099 1507 1146 demiserunt
1547 1099 1587 1146 se
1609 1099 1798 1162 quidam
1831 1099 1888 1146 ab
1921 1099 2011 1147 alto
2044 1098 2124 1144 ubi
2159 1112 2286 1145 tona-

299 1170 440 1228 bant;
477 1170 528 1215 &
550 1168 674 1231 quod
701 1169 888 1224 mirum,
925 1183 1039 1215 unus
1077 1166 1284 1230 portabat
1318 1166 1509 1212 alterum
1549 1182 1573 1212 a
1610 1178 1758 1228 tergo,
1797 1167 1845 1212 δε
1871 1165 1929 1212 fic
1953 1166 2287 1228 appropinqua·

301 1234 409 1282 bant
432 1234 525 1280 bini
547 1234 601 1281 ad
629 1249 731 1281 me:
773 1234 1041 1297 apparebant
1080 1233 1192 1280 facie
1232 1248 1324 1279 non
1359 1231 1602 1288 invenusta,
1643 1232 1716 1278 sed
1751 1232 1944 1295 longiori
1978 1247 2117 1295 quam
2156 1229 2289 1278 facies

301 1301 580 1362 ‘reliquorum
621 1301 893 1360 spirituum·,
956 1299 1118 1344 statura
1156 1298 1290 1343 simili
1334 1297 1513 1343 staturae
1550 1299 1677 1359 pueri
1717 1297 1885 1360 septem
1925 1313 2167 1352 annorum,
2215 1297 2288 1344 sed

304 1380 492 1427 corpore
528 1365 804 1420 robustiore·,
860 1366 921 1410 ita
956 1376 1079 1410 erant
1130 1362 1471 1410 homunciones.
1557 1363 1804 1409 Dicebatur
1849 1363 1960 1409 mihi
2004 1364 2060 1409 ab
2102 1364 2289 1425 angelis,

303 1431 430 1494 quod
475 1431 610 1478 effent
643 1446 667 1476 e
690 1430 836 1477 Luna.
908 1429 1007 1490 Qui
1042 1440 1245 1492 portatus
1278 1428 1334 1474 ab
1369 1428 1506 1474 altero
1529 1428 1733 1475 veniebat
1767 1427 1823 1474 ad
1863 1445 1953 1483 me,
1992 1428 2033 1474 se
2064 1430 2292 1491 applicans

306 1496 480 1544 finistro-
509 1496 629 1543 lateri
655 1495 736 1542 sub
766 1495 888 1551 ulna,
925 1497 973 1542 δε
999 1495 1105 1542 inde
1134 1493 1418 1558 loquebatur,
1453 1494 1627 1550 dicens,
1656 1494 1783 1557 quod
1808 1509 1917 1540 cum
1940 1510 2104 1541 vocem
2128 1494 2287 1552 edunt,

303 1563 364 1610 ita
395 1574 587 1615 tonent;
640 1563 691 1608 δε
720 1562 846 1623 quod
886 1561 945 1607 fic
983 1561 1177 1623 spiritus,
1215 1558 1296 1621 qui
1320 1560 1419 1606 'illis
1447 1560 1620 1606 malum
1659 1557 1821 1608 inferre
1849 1560 2031 1616 volunt,
2070 1561 2288 1617 territent,

305 1629 357 1675 ὅτ
392 1626 611 1689 quosdam
664 1626 709 1670 in
750 1624 911 1688 fugam
951 1638 1104 1688 agant,
1144 1626 1192 1671 δι
1228 1625 1353 1686 quod
1394 1626 1455 1671 ita
1495 1626 1581 1671 tuti
1603 1626 1788 1672 *vadant
1832 1641 1928 1688 quo
1958 1625 2136 1673 volunt.
2219 1628 2293 1674 Ut

301 1707 389 1757 pro
435 1704 560 1739 certo
596 1688 772 1747 scirem,
807 1690 937 1754 quod
974 1692 1072 1738 talis
1118 1689 1302 1737 illorum
1347 1689 1479 1737 sonus
1517 1690 1637 1747 effet,
1684 1691 1915 1738 recedebat
1951 1690 2025 1739 ille
2062 1709 2087 1739 a
2121 1708 2195 1740 me
2233 1694 2293 1740 ad

301 1757 522 1822 quosdam
557 1757 682 1813 alios,
723 1757 819 1817 sed*
838 1772 930 1803 non
966 1757 1257 1821 plane-extra
1279 1754 1589 1819 conspectum,
1629 1757 1679 1804 ὅτ
1718 1756 1920 1804 similiter
1958 1758 2155 1805 tonabat.
2226 1760 2291 1806 Et

303 1835 442 1887 porro
476 1823 781 1879 ostendebant,
832 1823 968 1886 -quod
1010 1839 1101 1870 vox
1146 1838 1305 1870 eorum
1351 1838 1409 1869 ex
1449 1822 1692 1870 abdomine
1734 1824 1791 1870 ad
1833 1823 1965 1871 instar
2009 1824 2294 1873 cruciationis

306 1890 457 1949 emifl‘a
489 1891 550 1936 ita
583 1890 817 1950 intonaret.
887 1889 1159 1954 Perceptum
1199 1889 1295 1943 est„
1324 1890 1451 1952 quod
1475 1891 1564 1937 hoc
1597 1889 1703 1936 inde
1737 1889 1958 1947 existeret,
1999 1891 2108 1955 quia
2130 1892 2294 1939 incolae

307 1955 461 2018 Lunae
494 1972 586 2003 non
619 1956 680 2002 ita
717 1971 774 2003 ex
803 1955 1047 2019 pulmone,
1094 1955 1209 2005 ficut
1240 1955 1404 2004 incolae
1445 1955 1630 2004 aliarum
1669 1956 1901 2015 tellurum,
1942 1955 2015 2004 sed
2054 1973 2112 2004 ex
2151 1957 2293 2006 abdo·

307 2022 431 2070 mine
470 2021 731 2085 loquantur,
775 2022 825 2069 &
858 2021 917 2069 fic
940 2038 994 2070 ex
1029 2022 1183 2086 aliquo
1221 2038 1316 2070 aere
1349 2022 1413 2069 ibi
1446 2023 1673 2079 collect03
1734 2023 1797 2071 ex
1833 2021 1989 2079 causa,
2017 2025 2122 2087 quia
2157 2025 2293 2073 Luna

305 2103 398 2135 non
423 2088 556 2135 simili
574 2085 940 2151 Athmosphaera‚
980 2100 1069 2152 qua
1106 2088 1207 2136 aliae
1231 2089 1426 2146 tellures,
1470 2088 1740 2137 circumfusa
1761 2090 1836 2137 est.
1905 2089 2151 2137 Instruftus
2174 2090 2291 2148 sum,

307 2154 432 2217 quod
463 2153 640 2217 spiritus
662 2154 815 2202 Lunae
854 2156 900 2201 in
925 2156 1139 2204 Maximo
1162 2156 1373 2203 Homine
1412 2154 1599 2203 referant
1623 2156 1947 2219 Cartilaginem
1982 2155 2293 2204 scutiformem

305 2221 381 2266 seu
403 2220 686 2283 Xiphoiden‚
726 2222 801 2268 cui
842 2223 1036 2269 anterius
1072 2223 1368 2269 annectuntur
1409 2222 1574 2278 Costae‚
1625 2222 1682 2272 &.
1711 2239 1735 2270 e
1768 2239 1859 2287 qua
1894 2223 2121 2271 descendit
2144 2223 2293 2270 Fascia

309 2284 422 2343 alba,
461 2302 567 2349 quae
587 2287 652 2334 est
677 2285 874 2335 fulcrum
901 2288 1111 2335 musculis
1136 2287 1407 2335 abdominis.

380 2368 484 2398 112.
522 2352 668 2407 Quod
692 2353 825 2395 etiam
860 2349 907 2395 in
929 2353 1065 2397 Luna
1099 2353 1186 2396 sint
1206 2353 1392 2404 Incolae,
1434 2352 1579 2397 sciunt
1617 2353 1794 2412 spiritus
1833 2354 1883 2398 δε
1921 2353 2085 2413 angeli,
2129 2355 2292 2417 pariter

310 2415 437 2477 quod
461 2417 507 2459 in
531 2415 677 2469 Lunis
712 2413 783 2458 seu
817 2413 1091 2460 Satellitibus
1125 2415 1299 2460 circum
1336 2414 1540 2461 tellurem
1566 2416 1713 2474 Jovis,
1759 2416 1809 2460 &
1848 2416 2055 2463 tellurem
2094 2419 2291 2470 Saturni.

311 2479 411 2538 Qui
447 2493 538 2524 non
572 2478 749 2540 spiritus
780 2478 884 2525 inde
917 2480 1139 2534 viderant,
1173 2494 1223 2525 ac
1244 2494 1351 2526 cum
1377 2478 1463 2525 illis
1487 2478 1668 2541 loquuti
1692 2478 1809 2536 sunt,
1850 2481 1989 2545 usque
2029 2499 2120 2531 non
2158 2486 2291 2534 dubi·

312 2557 426 2600 tant,
470 2544 583 2607 quin
618 2545 754 2591 etiam
798 2543 926 2608 super
966 2545 1051 2593 illis
1097 2546 1304 2592 homines
1342 2543 1443 2600 fint,
1499 2546 1603 2607 quia
1649 2561 1779 2608 aeque
1818 2545 1919 2594 sunt
1958 2548 2179 2608 tellures;
2240 2554 2292 2601 &

313 2612 392 2657 ubi
426 2610 557 2656 tellus
595 2609 656 2656 ibi
694 2610 758 2656 est
797 2609 978 2667 homo;
1033 2613 1175 2659 homo
1214 2611 1335 2658 enim
1375 2611 1438 2657 est
1459 2610 1579 2657 'finis
1621 2624 1806 2674 propter
1858 2630 1997 2677 quem
2047 2617 2195 2675 tellus,
2239 2620 2291 2667 δε

312 2694 338 2724 a
361 2679 557 2724 Summo
580 2674 791 2723 Creatore
823 2677 932 2724 nihil
972 2678 1061 2725 fine
1101 2678 1188 2724 fine
1212 2675 1381 2724 factum
1405 2676 1500 2724 est:
1545 2677 1672 2740 quod
1708 2677 1809 2725 finis
1846 2682 2081 2739 creationis
2103 2683 2159 2730 fit
2180 2685 2290 2732 Hu-

315 2757 501 2790 manum
525 2757 683 2804 genus,
717 2754 768 2789 ut
790 2757 846 2787 ex
867 2760 920 2791 eo
944 2744 1152 2801 Coelum,
1195 2743 1357 2802 cuivis,
1394 2744 1475 2808 qui
1508 2758 1565 2792 ex
1586 2744 1753 2793 ratione
1773 2745 2053 2810 aliquantum
2079 2750 2292 2807 illustrata

225 2813 231 2819 ’
310 2811 497 2874 cogitat,
535 2807 731 2856 constare
765 2809 920 2872 potest.

2078 3074 2218 3138 --Cau
2226 3072 2295 3140 sae
