2632 3516
221 286 288 344 ιι,
409 229 906 337 DochNA
951 235 1241 325 NovAE
1273 264 2011 334 HtssnosoLYMAE

215 396 371 459 quibus
401 391 550 455 aliqua
580 387 685 440 idea
712 390 771 440 de
798 390 896 441 vita
927 388 1090 442 aeterna
1118 391 1322 455 impress'a
1348 391 1415 442 est
1432 428 1447 449 ‚
1489 395 1697 459 quicquid
1725 399 1864 459 velis,
1899 399 1949 449 ἃ
1981 401 2191 453 credent:

217 463 312 510 imo
337 457 371 507 si
392 457 586 516 dixeris,
621 457 742 522 quod
772 457 898 509 Deus
915 457 1048 522 possit
1071 459 1200 508 irasci
1222 458 1273 508 Gt
1294 457 1747 523 vindiciamspirare3
1780 466 1902 526 quod
1923 465 2046 515 Deus
2065 467 2196 529 poffit

220 523 349 574 alicui
377 523 714 576 damnationem
742 534 954 572 aeternam
988 523 1178 574 inferre:
1211 524 1332 588 quod
1355 525 1482 574 Deus
1503 525 1611 574 velit
1647 527 1706 575 ad
1728 529 2196 580 misericordiammo-

220 588 319 640 veri
349 604 437 653 per,
454 586 717 660 sanguinem
741 581 868 653 Filii3
902 588 1024 639 aeid
1058 605 1141 653 pro
1167 590 1330 640 merito
1361 589 1583 653 imputare
1605 588 1656 639 δι
1684 591 1930 644 adscribere
1957 595 2126 645 homini
2151 609 2200 644 ut

221 654 316 719 ejus
335 670 351 713 ;
385 669 441 702 ac
463 652 634 702 salvare
656 668 735 716 per
752 651 892 703 solum
915 654 1130 719 cogitare.
1196 657 1264 703 Ut
1282 652 1359 714 δε,
1387 655 1510 719 ‘quod
1531 670 1641 704 unus
1662 658 1788 706 Deus
1809 674 1913 707 cum
1936 662 2077 710 altero
2096 663 2202 710 Deo

219 720 347 769 unius
366 717 560 768 effentiae
580 718 775 782 potuerit
795 720 898 768 talia
918 718 1113 784 stipulari
1126 757 1140 777 ‚
1176 719 1227 769 &
1246 720 1308 769 illi
1326 719 1590 784 injungere,
1619 735 1778 784 praeter
1799 724 1950 774 similia
1970 726 2064 774 alia.
2110 725 2201 774 Sed

219 775 349 846 uperi
369 785 522 832 oculos
544 782 595 833 ἃ
616 782 796 833 reclude
818 799 944 834 aures
958 823 971 843 ,
1005 780 1094 833 hoc
1113 783 1204 844 est,
1237 786 1392 849 cogita
1413 785 1472 835 de
1489 786 1570 836 illis
1596 790 1662 834 ex³
1675 787 1923 850 intellectu,
1958 805 2012 839 ac
2031 790 2205 840 videbis

219 844 568 899 discordantiam
603 849 780 898 illorum
802 864 908 899 cum
927 849 1019 913 ipsa
1039 850 1244 899 veritate.

286 925 366 975 47.
412 914 622 979 Occlude
651 916 803 964 oculos
832 915 884 965 ὅτ.
910 918 1070 965 obtura
1096 930 1249 975 aures,
1285 913 1336 965 δι
1367 914 1444 963 fac
1464 923 1622 964 utnon
1641 916 1847 980 cogitent
1873 932 1932 966 ex
1960 918 2108 980 aliquo
2135 919 2202 968 in·

220 978 398 1030 tellestu
417 1011 432 1035 ,
465 994 615 1029 annon
626 983 802 1054 poteri:
827 980 1039 1033 inducere
1067 979 1233 1040 fidem,
1268 981 1389 1043 quod
1418 982 1544 1029 Deus
1567 979 1741 1030 dederit
1770 997 1953 1031 omnem
1974 983 2095 1031 suam
2121 999 2201 1046 po-

223 1043 434 1108 testatem
468 1043 667 1103 homini,
700 1057 752 1094 -ut
785 1043 837 1094 iit
865 1062 948 1111 pro
982 1047 1087 1102 Deo
1116 1047 1170 1103 in
1199 1048 1354 1095 terris:
1396 1060 1544 1095 annon
1584 1046 1752 1109 poteris
1789 1047 1999 1096 inducere
2037 1048 2203 1109 fidem,

259 1109 349 1159 uod
378 1109 582 1159 homines
613 1110 778 1160 mortui
806 1111 1047 1172 invocandi
1075 1110 1187 1170 sint3
1221 1111 1341 1174 quod
1373 1110 1631 1159 nudandum
1664 1111 1716 1160 fit
1747 1118 1882 1176 caput
1910 1111 1960 1161 δι
1979 1111 2203 1162 flectenda

216 1216 219 1220 Α
242 1180 307 1222 int
325 1189 472 1236 genua
489 1190 575 1250 pro
596 1173 865 1231 simulachris
884 1192 1072 1233 eorum,·
1107 1177 1315 1239 quodque
1348 1175 1569 1224 cadavera
1595 1191 1776 1234 eorum,
1811 1175 1903 1225 oss'a
1935 1191 2116 1236 eorum,
2152 1178 2205 1227 ἃ

225 1239 456 1304 sepulchra
487 1242 688 1300 filorum,
722 1239 869 1290 sancta
898 1241 982 1290 fint
1011 1239 1063 1291 ἃ
1091 1241 1362 1289 veneranda.
1429 1239 1520 1288 Sed
1541 1238 1572 1288 fi
1594 1242 1738 1305 aperis
1756 1243 1911 1290 oculos
1934 1241 1983 1290 ἃ
2014 1243 2205 1291 recludis

222 1310 376 1363 aures,
413 1305 501 1354 hoc
532 1304 622 1363 est,
659 1306 718 1354 de
737 1306 822 1353 illis
842 1321 899 1354 ex
933 1306 1080 1369 aliquo
1104 1304 1327 1354 intellefitu
1359 1305 1556 1368 cogitas,
1593 1320 1742 1355 annon
1777 1306 1951 1355 videbis
1969 1308 2201 1366 enormia,

227 1385 330 1432 quae
346 1370 460 1437 ratio
481 1371 674 1418 humana
696 1370 1047 1420 abominabitur.

287 1439 367 1493 48.
404 1436 520 1482 Cum
552 1436 656 1484 talia
689 1434 739 1484 ἃ.
761 1435 919 1485 similia
952 1437 1037 1484 alia
1069 1435 1344 1499 recipiuntur
1377 1435 1432 1483 ab
1458 1433 1667 1492 homine,
1702 1435 1775 1484 cui
1805 1451 1861 1485 ex
1897 1436 2110 1500 religione
2130 1450 2211 1484 oc·

222 1499 363 1548 clusus
394 1498 459 1548 est
484 1499 752 1560 intellefiius,
787 1513 935 1550 annon
965 1515 1071 1551 tunc
1106 1502 1351 1564 Templum
1368 1537 1390 1557 ,A
1417 1501 1463 1547 in
1483 1516 1570 1563 qno
1593 1501 1759 1548 cultum
1788 1503 1915 1565 agit,
1952 1502 2203 1563 comparari

221 1562 373 1628 potest
395 1565 612 1627 speluncae
643 1566 715 1614 seu
747 1580 955 1626 cavernae
982 1566 1058 1615 sub
1085 1565 1235 1626 terris,
1270 1567 1346 1614 ubi
1379 1579 1475 1627 quae
1496 1564 1650 1623 videt,
1686 1565 1825 1613 nescit
1859 1566 1962 1627 quid
1999 1566 2118 1614 sunt:
2152 1580 2207 1614 ac
2280 1567 2283 1570 ⁴

221 1629 406 1693 Religio
430 1631 523 1695 ejus
553 1632 808 1694 comparari
834 1631 982 1696 potest
1010 1632 1274 1680 habitationi
1295 1632 1341 1678 in
1365 1630 1530 1686 dom0,
1563 1630 1609 1678 in
1633 1645 1719 1691 qua
1740 1630 1945 1677 non-sunt
1965 1629 2201 1686 fenestrrae3

223 1693 274 1743 δι
296 1709 386 1742 vox
409 1697 548 1744 cultus
569 1697 664 1760 ejus
689 1695 821 1755 sont),
856 1696 908 1746 ἃ
933 1711 1022 1746 non
1044 1698 1245 1759 loquelae.
1311 1696 1426 1742 Cum
1452 1694 1534 1741 tali
1554 1693 1740 1743 homine
1761 1709 1851 1743 non
1878 1694 2027 1758 potest
2046 1695 2204 1758 Ange-

223 1760 289 1808 ius
311 1761 408 1809 caeli
430 1761 549 1838 loqui
563 1797 578 1821 ,
612 1760 716 1827 quia
741 1776 851 1811 nnus
868 1777 961 1811 non
979 1761 1187 1824 intelligit
1206 1761 1427 1823 loquelam
1451 1758 1642 1808 alterius.
2074 1781 2078 1785 -

216 1928 226 1931 ⁸
292 1892 526 1995 Quod
552 1890 681 1987 illi,
732 1892 857 1996 qui
888 1893 963 1970 in
981 1890 1131 1970 fide
1158 1888 1468 1996 separata
1497 1919 1536 1969 a
1565 1890 1910 1970 charitate
1935 1890 2134 1988 sunt,

297 2018 303 2021 “
370 1999 1237 2106 in-Verbo'repraesentati
1258 1998 1395 2083 sint
1420 2025 1553 2106 per
1576 1998 2043 2119 Philisthaeos.

227 2170 306 2219 49.
374 2161 460 2277 In
477 2158 640 2206 Verbo
667 2170 747 2219 per
768 2157 918 2205 omnia
942 2157 1143 2205 Nomina
1164 2156 1380 2204 Gentium
1403 2156 1452 2205 ἃ
1472 2156 1742 2218 Populorum
1752 2187 1770 2211 ,
1804 2166 1898 2203 tum
1918 2155 2206 2210 Personarum

229 2244 249 2250 ··
465 2221 514 2270 &
548 2226 796 2274 Locorum,
832 2221 1133 2286 significantur
1164 2236 1234 2268 res
1263 2219 1501 2279 Ecclesiae,
1536 2219 1628 2283 ipsa
1658 2219 1855 2269 Ecclesia
1890 2219 1970 2284 per
2003 2221 2209 2271 Israelem

230 2285 282 2336 ἃ
315 2286 564 2349 Jehudam,
595 2288 700 2351 quia
731 2287 850 2351 apud
876 2289 972 2335 illos
1001 2286 1084 2335 fuit
1115 2284 1339 2344 instituta3
1372 2285 1421 2335 ἃ
1450 2286 1574 2333 varia
1607 2285 1835 2349 Religiosa
1867 2301 1946 2348 per
1970 2286 2139 2335 Gentes
2160 2287 2210 2336 δι

232 2353 428 2414 Populos
445 2352 613 2401 circum
638 2352 758 2412 illos,
795 2351 1025 2416 Religiosa
1055 2351 1375 2400 concordantia
1406 2366 1486 2415 per
1520 2352 1688 2398 Gentes
1714 2353 1895 2408 bonas,
1914 2349 1961 2398 ἃ
1981 2351 2208 2414 Religiosa
2270 2388 2274 2391 -

233 2418 530 2473 discordantia
554 2429 631 2479 per
656 2418 826 2470 Gentes
858 2423 1008 2466 malas.
1077 2420 1188 2466 Sunt
1214 2417 1304 2464 duo
1339 2416 1571 2480 Religiosa
1601 2419 1739 2473 mala,
1774 2417 1819 2463 in
1841 2431 1940 2478 quae
1958 2418 2102 2466 omnis
2120 2417 2206 2465 Ec·

227 2482 359 2531 elefia
378 2482 568 2532 successu
590 2485 804 2546 temporis
826 2484 1144 2547 degeneratur,
1180 2483 1335 2530 Unum
1370 2483 1488 2543 quod
1520 2481 1738 2528 adulterat
1762 2482 1877 2527 bona
1901 2480 1996 2543 ejus
2012 2517 2025 2539 ,
2061 2480 2109 2529 ἃ
2133 2483 2211 2530 Al·

229 2561 374 2596 terum
397 2547 515 2610 quod
537 2547 736 2597 falsificat
761 2560 863 2596 vera
886 2548 1002 2612 ejus:
1018 2547 1121 2596 illud
1153 2546 1577 2611 Religiosurn,'quod
1602 2546 1814 2593 adulterat
1836 2546 1951 2593 bona
1973 2545 2211 2605 Ecclesiae,

234 2612 370 2661 trahit
394 2613 519 2662 suum
547 2625 696 2661 ortum
717 2626 771 2662 ex
795 2626 948 2662 amore
969 2613 1247 2676 imperandi,
1274 2613 1333 2660 ’δι’
1357 2612 1544 2660 alterurn
1570 2610 1846 2672 Religiosum
1869 2610 1986 2674 quod
2010 2608 2213 2659 falsificat
2263 2616 2268 2620 ”

232 2684 341 2727 vera
364 2678 601 2738 Ecclesiae,
638 2680 773 2728 trahit
795 2679 917 2726 suurn
945 2691 1093 2726 ortum
1123 2693 1177 2725 ex
1201 2676 1313 2724 fastu
1339 2678 1530 2739 propriae
1549 2675 1864 2739 intelligentiae.
1931 2676 2207 2738 Religiosum

231 2743 503 2805 quod'trahit
525 2751 674 2794 ortum
693 2761 746 2792 ex
767 2759 922 2792 amore
948 2742 1223 2806 imperandi,
1259 2743 1303 2790 in
1326 2743 1484 2789 Verbo
1504 2741 1766 2803 intelligitur
1791 2754 1870 2802 per
1893 2741 2210 2803 Babyloniam3

230 2809 283 2855 ὅ(
307 2809 602 2872 Religiosum,
640 2810 758 2872 quod
785 2809 920 2857 trahit
949 2822 1096 2857 ortum
1118 2823 1173 2855 ex
1190 2806 1306 2855 fastu
1331 2810 1520 2869 propriae
1541 2806 1862 2868 intelligentiae.
1899 2806 1943 2852 in
1967 2807 2126 2853 Verbo
2145 2805 2210 2852 in·
2276 2807 2281 2811 ’

228 2872 444 2935 ιεηῐὲἰωτ
461 2887 542 2936 per
561 2874 869 2924 Phillsthaeam.
940 2875 1121 2922 Notum
1145 2871 1211 2920 est
1226 2908 1239 2925 ,
1276 2875 1454 2935 quinam
1485 2887 1539 2919 ex
1562 2870 1804 2932 Babylonia
1824 2870 1960 2917 hodie
1978 2869 2098 2928 sunt,
2131 2868 2204 2916 sed

231 2948 321 2983 non
344 2949 525 3009 notum,
561 2942 739 3003 quinam
767 2955 822 2988 ex
855 2938 1118 2988 Philisthaea.
1144 2966 1148 2969 -
1187 2939 1257 2985 Ex
1289 2936 1536 2988 Philisthaea
1559 2937 1678 2995 sunt,
1714 2935 1788 2999 qui
1809 2935 1852 2982 in
1873 2934 1964 2982 fide
1983 2933 2030 2982 ἃ
2054 2948 2142 2981 non
2164 2933 2209 2979 in

237 2998 556 3130 ehggsstatguod
578 3065 638 3113 illi
673 3085 727 3116 ex
747 3067 996 3118 Philisthaea
1026 3066 1137 3125 lint,
1160 3067 1245 3130 ,qui
1268 3067 1314 3115 in
1348 3066 1439 3115 fide
1463 3065 1514 3115 &
1544 3063 1704 3126 nont'jn
1733 3063 1977 3120 charitate,
2012 3057 2211 3109 constare

223 3128 377 3192 potest
408 3142 466 3178 ex
503 3130 666 3187 variiS,
704 3149 801 3193 quae
828 3134 885 3181 de
907 3135 985 3181 illis
1007 3136 1051 3182 in
1074 3134 1234 3182 Verbo
1253 3133 1485 3188 dicuntur,
1521 3132 1566 3178 in
1588 3130 1792 3190 spirituali
1813 3127 1932 3174 sensu
1956 3121 2214 3182 intelle-&iffi

224 3207 317 3246 tam
334 3209 394 3244 ex
415 3194 779 3244 altercationibus
802 3198 975 3245 illorum
996 3213 1100 3246 cum
1121 3196 1371 3249 Abrahami
1393 3195 1442 3245 ἃ
1463 3194 1575 3243 isaci
1598 3194 1735 3242 servis
1748 3226 1762 3250 ‚
1797 3193 1856 3239 de
1873 3189 2030 3252 quibus
2049 3188 2210 3301 (ἓξὲξ
