2502 3432
234 215 332 276 24
511 193 629 254 DE
672 190 1276 253 TE'LL-URIBUS
1324 211 1404 254 IN
1445 188 1957 254 UNIVERSO.

237 317 477 368 rotundata
498 318 615 376 sunt,
654 317 931 383 acprotensa
955 317 999 364 in
1021 314 1233 381 longum,
1265 317 1399 365 etiam
1423 317 1540 366 intus
1570 318 1780 382 pun&ata
1805 318 1986 368 stellulis
2011 318 2055 369 in
2079 320 2218 386 plano

223 385 465 440 1caerule03
514 386 561 432 in
596 385 734 432 illa»se
768 382 1004 432 conferunt
1028 385 1241 439 interdiu,
1282 399 1336 430 ne
1369 383 1423 430 ab
1457 383 1566 431 aestu
1601 385 1699 431 solis
1739 386 1958 433 laedantur
1997 386 2127 436 facies
2162 389 2217 435 il-

239 451 418 498 lorum:
460 452 655 498 :illorum
695 451 838 498 multa
861 466 966 498 cura
990 448 1072 507 est,
1111 450 1330 497 Tentoria
1353 449 1451 498 haec
1485 450 1559 498 sua
1597 449 1790 498 formare
1813 453 1860 499 δε
1887 453 2132 503 mundare:
2173 456 2227 506 in,

240 516 326 563 illis
359 519 494 564 etiam
517 517 792 566 comedunt.

295 584 387 632 βο.
425 583 620 646 Spiritus
643 582 839 644 Joviales
879 598 986 631 cum
1018 582 1220 629 viderent
1242 581 1400 644 Equos
1426 578 1560 643 hujus
1586 581 1770 638 telluris,
1807 584 2075 647 apparebant
2097 585 2223 650 Equi

232 650 358 696 ,mihi
393 648 522 695 solito
547 650 757 704 minores,
789 649 961 696 tametsi
983 660 1105 702 erant
1129 646 1226 694 satis
1252 646 1420 693 robusti
1446 648 1495 693 &
1527 648 1602 694 alti
1623 669 1637 703 ;
1683 647 1768 695 hoc
1793 647 1880 696 fuit
1901 665 1957 696 ex
1987 651 2083 698 idea
2121 652 2224 700 illo-

245 731 348 762 rum
373 715 621 777 Spirituum
648 715 704 761 de
728 714 871 777 Equis
897 714 976 769 ibi,
1018 713 1242 768 dicebant,
1281 712 1406 775 quod
1439 714 1573 759 etiam
1608 714 1728 776 apud
1763 714 1863 761 illos
1885 716 2019 763 essent
2042 717 2224 774 fimiles,

247 794 291 827 at
329 783 475 827 multo
512 778 718 842 majores,
759 780 830 825 sed
868 780 990 841 quod
1031 779 1114 826 {int
1149 777 1229 824 feri
1265 779 1336 824 seu
1372 779 1417 824 in
1456 778 1606 840 sylvis,
1645 779 1694 825 δε
1727 780 1852 840 quod
1893 797 1998 828 cum
2025 780 2229 831 visuntur

248 847 488 892 terrificent
506 846 622 901 illos,
665 846 836 892 tametsi
863 845 972 892 nihil
997 857 1159 892 nocent
1179 866 1193 899 ς
1234 843 1454 891 addebant
1474 844 1599 907 quod
1625 858 1708 906 pro
1731 844 1815 891 illis
1839 846 1891 893 fit
1915 849 2052 895 timor
2075 848 2233 896 insitus

249 913 320 958 seu
346 911 549 958 naturalis
569 929 583 958 :
626 911 729 957 inde
752 911 939 958 dabatur
973 910 1142 958 occafio
1165 910 1394 972 cogitandi
1428 909 1485 956 de
1518 909 1641 956 causa
1679 909 1796 956 illius
1820 912 2026 968 timoris;
2067 914 2229 977 Equus

248 979 369 1025 enim
397 977 615 1040 fignificat
638 977 683 1023 in
709 976 920 1040 spirituali
955 975 1077 1023 sensu
1100 975 1400 1023 intellectuale
1439 973 1686 1022 formatum
1726 991 1782 1022 ex
1817 976 2063 1024 scientificis
2085 983 2167 1039 (aa
2169 982 2228 1038 );

250 1044 430 1105 &quia
467 1044 629 1092 timent
668 1043 873 1089 excolere
901 1041 1204 1089 ·Intelle<5tuale
1245 1057 1323 1103 per
1363 1041 1556 1087 scientias
1590 1057 1615 1087 e
1656 1042 1845 1098 mundo,
1891 1044 1996 1089 inde
2036 1045 2232 1093 influxus

251 1111 439 1156 timoris.
511 1108 656 1168 Quod
680 1108 932 1164 scientifica,
967 1123 1073 1171 quae
1095 1108 1355 1154 eruditionis
1381 1107 1589 1153 humanae
1613 1106 1729 1163 sunt,
1771 1123 1861 1154 non
1891 1121 2064 1165 curent,
2103 1111 2233 1158 vide-

252 1176 373 1222 bitur
396 1177 442 1222 in
467 1173 768 1238 sequentibus.

309 1242 401 1289 ..ὀμ
434 1242 627 1304 Spiritus
658 1240 781 1287 illius
815 1239 1014 1288 Telluris
1052 1255 1142 1288 non
1184 1239 1348 1287 volunt
1387 1239 1432 1286 in
1469 1238 1691 1286 consortio
1729 1239 1812 1285 effe
1858 1255 1965 1286 cum
2013 1239 2237 1303 spiritibus

254 1306 417 1354 nostrae
440 1306 654 1361 Telluris,
701 1307 806 1368 quia
852 1305 1067 1352 differunt
1116 1306 1277 1351 animis
1312 1306 1360 1351 δε
1404 1304 1635 1359 moribus·,
1685 1305 1858 1360 dicunt,
1900 1305 2024 1367 quod
2063 1305 2238 1368 spiritus

254 1372 415 1420 nostrae
439 1371 635 1418 Telluris
659 1370 744 1417 smt
765 1369 912 1425 astuti,
951 1386 1001 1417 ac
1035 1369 1092 1416 ad
1116 1369 1411 1416 machinanda
1436 1369 1547 1414 mala
1582 1370 1784 1432 prompti
1819 1370 1867 1416 δε
1903 1370 2146 1432 ingeniosi:
2187 1373 2238 1420 &

252 1438 378 1501 quod
407 1451 575 1499 ¹‚parurn
615 1434 750 1482 sciant
783 1436 832 1482 &
869 1438 1071 1498 cogitent
1113 1435 1169 1482 de
1209 1435 1343 1481 bono.
1413 1435 1631 1481 Praeterea
1669 1433 1846 1496 spiritus
1880 1436 2076 1484 Telluris
2108 1437 2241 1498 Jovis

256 1504 407 1554 multo
433 1502 724 1565 ,sapientiores
747 1500 848 1548 sunt
881 1500 1105 1565 spiritibus
1141 1500 1304 1548 nostrae
1327 1499 1559 1555 Telluris;
1606 1500 1661 1546 de
1696 1500 1851 1548 nostris
1891 1502 2024 1549 etiam
2065 1502 2241 1560 dicunt,

254 1570 382 1632 quod
409 1569 552 1615 multa
575 1568 817 1630 loquantur
839 1568 888 1614 δε
912 1583 1071 1630 parum
1097 1568 1315 1629 cogitent,
1348 1566 1398 1612 &
1423 1566 1482 1612 fic
1515 1566 1640 1627 quod
1676 1582 1771 1612 non
1805 1567 1947 1614 multa
1981 1571 2144 1630 poffint
2173 1571 2242 1616 in-

256 1637 392 1685 terius
412 1635 654 1697 percipere,
678 1634 729 1679 δε
751 1649 806 1679 ne
829 1634 1016 1695 quidem
1041 1632 1153 1694 quid
1179 1633 1351 1678 bonum
1372 1649 1383 1676 :
1423 1630 1702 1677 concludunt
1731 1631 1852 1687 inde,
1888 1633 2012 1693 quod
2038 1633 2242 1681 homines

248 1700 421 1749 ‚nostrae
445 1699 657 1754 Telluris,
701 1698 904 1744 homines
937 1697 1106 1744 externi
1143 1696 1242 1743 fint.
1312 1695 1565 1758 Qondam
1606 1697 1739 1742 etiam
1779 1697 2117 1759 permittebatur
2141 1700 2244 1763 Spi-

259 1766 418 1815 ritibus
455 1764 584 1812 malis
607 1762 770 1810 nostrae
787 1762 986 1810 Telluris
1019 1777 1148 1825 agere
1181 1777 1263 1825 per
1294 1774 1407 1807 artes
1431 1761 1524 1808 suas
1559 1760 1709 1817 malas,
1749 1762 1799 1808 δε
1824 1761 2022 1810 infestare
2053 1766 2244 1829 Spiritus

260 1832 473 1895 Joviales,
508 1830 588 1894 qui
621 1829 743 1892 apud
768 1843 871 1884 me3
911 1828 957 1875 hi
991 1828 1090 1875 illos
1119 1826 1374 1875 admodum
1403 1827 1484 1873 diu
1516 1826 1802 1885 sustinebant,
1847 1827 1921 1876 sed
1945 1830 2126 1880 tandem
2151 1829 2246 1879 faffi

261 1898 363 1946 sunt
400 1896 527 1960 quod
565 1910 655 1942 non
693 1894 1107 1959 pofl‘entvamplius,
1142 1894 1194 1941 δε
1227 1892 1354 1957 quod
1385 1893 1613 1941 crederent
1649 1891 1820 1956 pejores
1856 1910 1947 1942 non
1982 1894 2094 1955 dari,
2141 1911 2248 1945 nam

261 1962 572 2028 pervertebant
619 1960 803 2008 illorum
845 1961 1233 2024 imaginationem,
1279 1961 1330 2007 ὅτ
1370 1974 1555 2022 quoque
1588 1961 1912 2022 cogitationem
1951 1961 2030 2017 ita,
2077 1975 2129 2010 ut
2166 1962 2248 2010 fibi

263 2029 526 2077 viderentur
547 2026 670 2091 quasi
693 2026 836 2091 ligati,
877 2026 927 2074 δε
951 2041 1042 2074 non
1065 2026 1146 2073 nili
1173 2041 1313 2089 quam
1341 2039 1429 2087 ope
1451 2025 1621 2072 Divina
1654 2025 1757 2072 inde
1792 2027 2040 2074 extricandi
2065 2030 2112 2075 δι
2137 2027 2249 2075 libe·

264 2095 406 2144 randi.
473 2095 597 2142 Cum
633 2092 828 2157 legerem
868 2093 915 2140 in
937 2092 1093 2142 Verbo
1131 2092 1277 2155 aliqua
1330 2091 1387 2137 de
1428 2091 1631 2138 Paffione
1667 2091 1906 2138 Salvatoris
1940 2092 2095 2151 nostri,
2137 2107 2247 2140 tunc

266 2162 462 2226 Spiritus
485 2161 704 2224 Europaei
731 2157 979 2207 inferebant
1002 2159 1099 2206 dira
1121 2157 1336 2214 scandala,
1371 2158 1523 2204 animo
1547 2155 1782 2204 seducendi
1807 2158 1996 2221 Spiritus
2020 2159 2215 2221 joviales
2230 2176 2248 2206 .-

267 2227 572 2291 inquirebatur
609 2227 798 2290 quinam
837 2225 989 2282 effent,
1037 2226 1087 2272 δε
1123 2223 1236 2289 quid
1275 2224 1321 2270 in
1364 2223 1541 2270 mundo
1578 2222 1828 2279 obiverant,
1879 2224 1929 2271 δε
1959 2236 2250 2289 compertum

266 2294 394 2357 quod
417 2293 604 2356 quidam
627 2307 785 2340 eorum
809 2289 976 2338 fuerint
1001 2291 1336 2346 Praedicatores,
1359 2289 1410 2336 δε
1434 2289 1581 2352 plures
1603 2304 1660 2336 ex
1683 2289 1767 2336 illis
1789 2290 1869 2352 qui
1893 2288 1934 2335 se
1956 2306 2012 2337 ex
2035 2293 2254 2339 Societate

268 2359 464 2408 Domini
499 2357 571 2404 seu
595 2357 784 2417 Jesuitas
814 2369 981 2404 vocant
1001 2379 1016 2410 ;
1060 2357 1286 2410 dicebam,
1325 2355 1452 2416 quod
1487 2354 1570 2409 illi,
1611 2355 1804 2400 cumin
1829 2356 2005 2402 mundo
2026 2358 2254 2412 vixerunt,

271 2438 381 2476 tunc
417 2440 495 2488 per
518 2421 870 2470 Praedicationes
904 2420 961 2468 de
985 2421 1186 2468 Passione
1209 2419 1399 2467 Domini
1429 2433 1720 2466 commovere
1752 2421 1980 2483 potuerint
2001 2421 2170 2489 vulgus
2201 2421 2258 2469 ad

272 2491 557 2553 lachrymas,
603 2488 826 2537 addebam
858 2487 992 2534 etiarn
1017 2486 1211 2543 causam,
1250 2485 1378 2549 quod
1416 2486 1462 2532 in
1502 2485 1679 2532 mundo
1708 2484 1833 2534 aliter
1871 2488 2168 2549 cogitaverint
2207 2488 2259 2535 &

274 2556 399 2607 aliter
422 2557 468 2604 lo
501 2555 601 2604 uuti
625 2554 726 2611 sint,
761 2555 821 2600 ita
841 2553 963 2600 aliud
987 2552 1123 2600 corde
1145 2552 1368 2616 gefferint,
1393 2551 1443 2598 &
1466 2544 1587 2601 aliu'd
1607 2566 1682 2598 ore
1706 2551 1903 2609 tulerint,
1922 2555 1973 2600 δι’
1993 2554 2120 2621 quod
2139 2567 2259 2601 nunc

277 2639 370 2671 non
393 2624 453 2670 ita
493 2620 775 2669 raudulenter
798 2620 885 2666 illis
924 2618 1051 2666 liceat
1072 2619 1233 2682 loqui;
1277 2633 1381 2664 nam
1403 2631 1511 2664 cum
1545 2616 1662 2664 fiunt
1685 2616 1879 2681 spiritus,
1922 2619 2170 2684 adiguntur
2200 2617 2259 2666 ad

277 2688 558 2752 loquendum
582 2685 759 2751 prorsus
782 2685 894 2733 ficut
916 2686 1131 2748 cogitant.
1167 2683 1512 2746 Obstupuerunt
1534 2683 1724 2746 Spiritus
1741 2684 1872 2745 jovis
1897 2687 2110 2743 maxime,
2133 2683 2258 2750 quod

278 2756 365 2801 tale
388 2754 617 2802 diffidium
651 2752 915 2800 interiorum
947 2753 997 2800 δι
1031 2751 1306 2798 exteriorum
1338 2749 1458 2812 apud
1497 2749 1732 2796 hominem
1772 2750 1867 2798 dari
1904 2752 2060 2814 poli'et,
2088 2763 2262 2815 ,nempe

280 2819 459 2882 prorsus
482 2820 605 2867 aliter
628 2819 828 2882 loqui&
868 2817 992 2865 aliter
1029 2818 1243 2882 cogitare,
1283 2815 1408 2879 quod
1431 2814 1511 2862 fibi
1540 2815 1808 2878 impossibile
1842 2818 1961 2866 esset.
2029 2815 2262 2865 Miraban-

281 2897 376 2940 tur,
414 2900 522 2931 cum
556 2885 776 2942 audirent,
813 2884 938 2948 quod
963 2883 1130 2948 plures,
1169 2885 1251 2950 qui
1284 2897 1341 2930 ex
1370 2880 1517 2930 nostra
1539 2881 1738 2941 Tellure,
1777 2884 1914 2936 etiam
1931 2881 2101 2948 Angeli
2131 2880 2259 2935 fiant,

2206 2946 2258 2995 δε

279 3028 2258 3063 w

341 3101 450 3157 (aa)
482 3097 609 3152 Qod
642 3097 780 3152 Equus
812 3099 1008 3155 significet
1040 3099 1332 3150 Intellessuale,
1373 3100 1571 3156 n12760.
1616 3100 1741 3156 2761.
1790 3098 1916 3153 2762.
1965 3107 2091 3152 32¹7·
2136 3108 2264 3152 5321·

287 3159 417 3212 6125·
448 3156 576 3210 6400·
601 3155 736 3210 26534·
761 3168 889 3210 7024-
927 3159 1054 3213 8146.
1084 3160 1212 3214 8148.
1270 3158 1329 3200 Ee
1355 3156 1624 3216 ‹lupa-Equus
1650 3156 1764 3198 aum
1787 3156 1833 3196 in
1862 3152 2101 3210 Apocalypsi
2125 3153 2173 3196 fit
2198 3153 2269 3197 ia·

286 3215 468 3270 ιεξίςᾷυε
484 3212 627 3263 Verbi,
659 3226 688 3255 n
706 3244 716 3256 .
733 3212 861 3269 2760.
