2514 3516
832 265 1870 350 DEDOMINO.
2269 295 2335 346 17

360 387 458 459 ,adq
469 410 510 448 1.
522 394 577 454 ᾇ
591 394 711 459 apud
726 395 897 444 Lucam
911 395 1040 457 ,Cap
1066 395 1216 444 XXII.
1237 411 1298 459 39
1319 394 1377 443 ad
1392 398 1469 454 46.
1496 392 1556 440 Et
1573 393 1633 440 de
1652 393 1999 445 Tentationibus
2016 396 2327 461 super-cruce,

358 462 483 527 apud
516 460 789 511 Matthaeum
817 461 928 522 Cap.
963 459 1163 508 xxvn.
1187 475 1244 520 33
1273 459 1330 507 ad
1353 472 1431 518 57.
1451 456 1570 519 apud
1590 459 1804 507 Marcum
1824 461 1933 523 Cap.
1957 462 2068 511 XV.
2091 477 2151 511 22
2172 463 2229 512 ad
2250 476 2328 526 33.

356 527 479 588 apud
497 521 671 574 Lucam
701 526 815 587 Cap.
836 524 1006 572 xxm.
1034 539 1109 586 33.
1133 524 1191 571 ad
1218 538 1298 582 49.
1318 521 1369 570 ἃ
1389 522 1507 583 apud
1530 521 1782 583 johannem
1805 525 1915 585 Cap.
1935 526 2058 574 XIX.
2089 542 2145 588 17
2168 528 2226 577 ad
2247 545 2324 590 37.

357 591 654 639 Tentationes
681 604 771 638 non
801 589 919 636 aliud
938 588 1036 636 sunt
1053 602 1189 651 quam
1210 602 1303 649 pug
1311 602 1380 645 nae
1401 599 1558 634 contra
1580 583 1779 634 Inferna:
1813 586 1871 634 de
1892 588 2237 641 Tentationibus
2253 594 2330 650 seu

354 655 512 719 pugnis
524 654 721 712 domini,
755 653 959 702 videatur
975 653 1022 701 in
1031 652 1257 715 Opusculo
1275 652 1334 699 de
1352 652 1497 699 Novi
1518 650 1870 699 HJERosomrml
1891 650 1942 698 ἃ
1961 653 2055 716 ejus
2071 657 2331 708 Docrssnu

354 721 574 769 CAELEsrt
588 756 602 777 ,
625 718 821 767 Londini
842 719 1056 776 editasn.
1077 731 1166 765 201
1192 715 1243 766 &
1267 731 1360 779 302
1374 715 1450 775 3&
1473 716 1531 763 de
1556 715 1902 764 Tentationibus
1919 716 1966 764 in
1986 732 2149 780 genere
2166 737 2210 770 n.
2235 728 2326 783 189

357 784 671 916 ωιῗορῗὸά
702 848 923 897 Dominus
952 861 1032 910 per
1058 846 1305 895 Passionem
1326 843 1470 893 crucis
1491 843 1624 907 plene
1641 843 1804 894 vicerit
1823 843 2002 893 Inferna
2016 881 2030 904 ‚
2065 845 2203 894 docet
2227 848 2326 910 Ipse

351 917 472 976 apud
494 916 786 977 johannem„
822 913 963 962 Nunc
991 910 1206 974 judicium
1235 910 1302 959 est
1325 909 1490 958 Mundi
1523 909 1652 972 hujus
1672 946 1686 969 ,
1719 925 1823 956 nunc
1842 910 2033 972 Princeps
2053 912 2188 969 mundi
2204 912 2326 974 hujus

350 979 534 1041 ejicietur
543 977 693 1040 foras,
716 979 822 1037 ΧΠ,
840 993 925 1039 3Ῑ;
957 976 1056 1025 haec
1076 978 1279 1040 loquutus
1299 973 1367 1023 est
1387 974 1632 1033 Dominus,
1667 990 1771 1022 curn
1793 973 1982 1023 instabat
2002 974 2146 1023 Paffio
2165 978 2325 1025 crucis.

350 1043 488 1104 Apud
507 1043 741 1100 Eundem,
772 1043 963 1104 Princeps
981 1043 1105 1103 hujus
1120 1041 1275 1090 mundi
1285 1039 1511 1103 judicatus
1527 1037 1616 1088 est:
1652 1041 1760 1101 Cap.
1779 1040 1913 1087 XVI.
1942 1054 1961 1086 1
1974 1055 2016 1087 1.
2053 1041 2190 1102 Apud
2203 1042 2324 1090 Eun-

348 1106 500 1166 dem„
534 1107 788 1166 Confidite,
812 1109 906 1168 Ego
922 1108 1004 1153 vici
1026 1106 1240 1163 mundum,
1276 1103 1431 1154 XVII.
1456 1118 1533 1166 33.
1554 1101 1606 1152 ἃ.
1629 1103 1746 1167 apud
1768 1105 1980 1162 Lucam„
2015 1106 2145 1154 Dixit
2170 1107 2319 1169 Jesus,

346 1170 464 1219 Vidi
489 1170 688 1219 Satanam
698 1169 977 1233 ficutfitlmen
1004 1185 1026 1217 c
1042 1170 1136 1217 caelo
1155 1170 1356 1217 cadentem
1378 1205 1412 1229 „
1442 1169 1499 1216 X.
1526 1174 1582 1220 18
1607 1185 1622 1227 ;
1670 1185 1752 1233 per
1778 1169 1996 1218 mundum
2017 1206 2033 1230 ,
2066 1171 2320 1235 principem

345 1234 528 1293 mundi,
562 1233 757 1284 satanam
776 1235 825 1284 ἃ
845 1235 1094 1292 diabolum,
1132 1233 1395 1299 intelligitur
1414 1233 1652 1282 infernum.

354 1343 361 1349 .
411 1298 549 1365 Quod
579 1301 800 1349 Dominus
833 1316 912 1362 per
943 1299 1189 1347 Paffionem
1220 1300 1378 1348 Crucis
1408 1299 1545 1347 etiam
1569 1301 1698 1362 plene
1719 1298 2039 1362 glorificaverit
2059 1300 2322 1350 Humanum

345 1363 495 1421 suum,
529 1363 664 1412 docet
694 1364 810 1426 apud
831 1364 1125 1426 johannem„
1159 1362 1396 1426 Postquam
1416 1363 1554 1426 Judas
1576 1365 1741 1420 exivit,
1778 1364 1896 1412 dixit
1919 1366 2066 1428 Jesus,
2101 1380 2217 1412 nunc
2233 1367 2320 1426 glo·

344 1427 529 1490 nficatus
549 1427 607 1490 est
626 1427 752 1474 Filius
769 1428 937 1475 hominis
951 1463 965 1485 ,
977 1426 1028 1475 δι
1049 1426 1162 1474 Deus
1180 1426 1426 1488 glorificatus
1444 1426 1502 1489 est
1521 1427 1573 1475 in‘
1592 1428 1712 1489 Ipso:
1731 1427 1763 1474 fi
1786 1431 1909 1476 Deus
1923 1428 2173 1490 glorificatus
2192 1429 2319 1480 estin

343 1492 366 1539 l
399 1491 476 1551 so,
509 1492 646 1540 etiam
667 1492 791 1540 Deus
809 1490 1051 1554 glorificabit
1071 1490 1215 1552 Ipsum
1236 1491 1280 1538 in
1299 1490 1486 1552 seipso,
1521 1490 1570 1539 δι
1589 1491 1739 1539 statim
1754 1491 1995 1552 glorificabit
2015 1492 2161 1553 lpsum
2175 1529 2188 1550 ,
2203 1496 2316 1557 Cap.

393 1557 472 1602 111.
498 1571 576 1615 31.
607 1570 684 1616 32·
749 1555 888 1618 Apud
918 1554 1171 1612 Eundem„
1208 1557 1339 1603 Pater
1358 1557 1481 1603 venit
1514 1555 1649 1613 hora,
1679 1554 1859 1618 glorifica
1889 1556 2050 1603 Filium
2081 1569 2232 1616 tuum,
2266 1571 2316 1607 ut

341 1619 479 1667 etiam
503 1619 637 1667 Filius
657 1631 755 1667 tuus
768 1617 965 1680 glorificet
988 1621 1088 1677 Te,
1122 1619 1277 1666 XVll.
1300 1635 1339 1666 1.
1361 1632 1405 1677 5.
1441 1620 1579 1683 Apud
1600 1620 1848 1678 Eundem„
1880 1620 2024 1668 Nunc
2047 1622 2196 1670 anima
2211 1639 2315 1672 mea

340 1684 517 1732 turbata
534 1681 625 1741 est,
660 1682 709 1731 δι
729 1682 843 1730 dixit
855 1718 871 1741 ,
902 1684 1035 1730 Pater
1049 1681 1234 1743 glorifica
1254 1698 1419 1731 nomen
1439 1696 1561 1731 tuum
1573 1720 1587 1742 ‚
1623 1683 1672 1733 δι
1692 1684 1801 1732 exiit
1821 1699 1912 1732 vox
1931 1699 1958 1731 e
1981 1686 2017 1731 C
2019 1687 2099 1733 aelo
2108 1719 2127 1743 ,
2162 1686 2211 1735 ἃ
2226 1689 2316 1748 glo-

338 1743 523 1809 rificavi,
557 1745 606 1795 ἃ
637 1745 776 1795 rursus
801 1746 1057 1809 glorificabo,
1094 1746 1198 1792 ΧΠ.
1227 1760 1299 1807 27.
1325 1753 1401 1799 28.
1469 1748 1605 1811 Apud
1632 1750 1843 1807 Lucam„
1875 1749 2045 1795 Nonne
2064 1749 2155 1798 hoc
2174 1767 2311 1813 opor-

337 1814 462 1861 tebat
490 1814 582 1874 pati
615 1809 863 1867 Christum,
898 1810 1149 1873 &ingredi
1181 1811 1225 1858 in
1252 1812 1422 1873 gloriam
1430 1811 1583 1874 suam,
1617 1813 1796 1861 XXlV.
1827 1817 1914 1869 26,-
1948 1813 2047 1861 haec
2066 1813 2188 1863 dicta
2212 1816 2309 1866 sunt

338 1877 400 1925 de
423 1876 646 1935 Passione3
665 1875 957 1924 Glorificatio
983 1874 1050 1924 est
1073 1875 1231 1924 Unitio
1256 1876 1411 1926 Divini
1431 1876 1482 1927 ἃ
1502 1878 1726 1939 Humani,
1759 1892 1896 1942 quare
1912 1877 2162 1939 dicitur‚&
2182 1882 2312 1931 Deus

336 1940 605 2006 glorificabit
624 1941 769 2004 Ipsum
792 1941 840 1989 in
863 1941 907 1988 se
928 1942 1042 2004 ipso·

373 2034 378 2037 >
405 2021 478 2065 14.
518 2006 654 2071 Quod
688 2007 909 2055 Dominus
942 2007 989 2054 in
1016 2005 1230 2055 mundum
1248 2006 1448 2062 venerit,
1485 2019 1533 2055 ut
1552 2008 1705 2057 omnia
1724 2008 1769 2056 in
1787 2007 1903 2057 caelis
1924 2006 2097 2058 &inde
2119 2009 2164 2057 in
2183 2010 2311 2059 terris

333 2071 381 2124 in
410 2071 612 2119 ordinem
632 2070 882 2134 redigeret,
911 2069 966 2125 ,ἃ
989 2071 1108 2135 quod
1130 2072 1218 2121 hoc
1240 2070 1408 2120 facium
1432 2071 1483 2120 fit
1502 2090 1580 2135 per
1600 2089 1771 2137 pugnas
1795 2087 1951 2122 contra
1975 2074 2174 2133 Inferna,
2209 2091 2309 2138 quae

332 2148 440 2183 tunc
472 2135 737 2185 infestabant
768 2151 948 2184 omnem
980 2136 1209 2186 hominem
1229 2138 1485 2185 venientem
1503 2140 1549 2186 in
1570 2141 1782 2187 mundum
1801 2138 1852 2187 δι
1871 2152 2110 2186 exeuntem
2132 2154 2158 2186 e
2178 2155 2307 2188 mun-

331 2200 419 2257 do,
453 2198 503 2248 δι
521 2201 640 2264 quod
658 2216 737 2263 per
755 2201 801 2250 id
826 2200 1001 2265 Justitia
1022 2200 1164 2251 factus
1182 2202 1234 2251 fit
1242 2236 1262 2261 ,
1296 2217 1350 2250 ac
1370 2202 1603 2252 salvaverit
1620 2204 1824 2251 homines
1836 2239 1848 2262 ‚
1865 2205 1937 2265 qui
1958 2204 2120 2266 absque
2139 2218 2196 2249 eo
2211 2219 2304 2252 non

326 2264 485 2313 salvari
511 2278 770 2325 potuerunt,
804 2266 949 2313 multis
969 2266 1015 2312 in
1033 2267 1140 2314 locis
1162 2266 1278 2329 apud
1298 2266 1542 2328 Prophetas
1563 2268 1840 2330 praedicitur‚
1860 2282 2047 2331 quorum
2065 2267 2202 2315 modo
2221 2269 2303 2316 ali·

331 2343 420 2391 qua
451 2328 726 2376 afferrentur.
771 2329 909 2385 Apud
938 2329 1155 2390 Esajam„
1188 2330 1300 2393 Quis
1336 2330 1415 2375 Hic
1445 2334 1511 2390 qui
1531 2335 1642 2378 venit
1660 2348 1713 2378 ex
1734 2333 1888 2388 Edam,
1922 2329 2143 2391 conspersus
2167 2331 2300 2394 vester

332 2407 385 2437 ex
408 2393 569 2448 Bozra3
605 2393 688 2436 Hic
702 2391 936 2437 honorabilis
955 2393 997 2436 in
1017 2392 1164 2452 vestitu
1168 2391 1270 2451 suo,
1305 2394 1483 2438 incedens
1504 2397 1546 2439 in
1564 2395 1816 2440 multitudine
1834 2393 2058 2453 roborissui
2069 2407 2084 2439 .·
2120 2394 2211 2455 Ego
2227 2397 2296 2456 qui

331 2454 459 2515 loquor
491 2455 534 2499 in
562 2453 740 2516 Justitia
753 2490 766 2509 ,
802 2469 969 2515 magnus
986 2454 1040 2501 ad
1045 2452 1302 2514 stzlvana'um.
1338 2454 1482 2519 Quare
1500 2458 1735 2502 rubicundus
1752 2459 1878 2516 quoad
1894 2456 2041 2519 vestem
2062 2468 2197 2515 tuam,
2235 2456 2296 2512 δέ·

328 2517 452 2582 vestis
477 2528 548 2564 tua
554 2516 663 2578 ficut
682 2518 872 2565 calcantis
892 2519 934 2563 in
954 2519 1163 2577 torculari,
1198 2519 1367 2566 torcular
1386 2519 1546 2565 calvavi
1554 2518 1665 2581 salus
1678 2556 1691 2579 ‚
1727 2518 1783 2574 fi?
1798 2521 1844 2567 de
1855 2522 1992 2582 popula
2011 2537 2086 2567 non
2105 2524 2169 2569 vir
2190 2524 2295 2570 Me-

329 2595 445 2628 cum:
478 2594 679 2644 propterea
709 2583 864 2629 calcavi
887 2582 973 2628 illos
993 2585 1034 2629 in
1052 2585 1116 2628 ira
1132 2599 1220 2630 mea
1233 2620 1246 2640 ,
1283 2581 1338 2636 E?
1357 2583 1580 2631 conculcavi
1596 2600 1660 2632 eos
1680 2587 1722 2631 in
1741 2584 2058 2646 excandescentia
2080 2603 2192 2643 mea,
2225 2589 2291 2634 in-

327 2647 374 2693 de
382 2643 524 2708 sparsa
545 2646 602 2708 esl
620 2648 785 2694 υἱὶὶονία
804 2645 1063 2709 eorumfiiper
1084 2646 1212 2710 vestes
1232 2661 1363 2702 meas;
1387 2664 1480 2693 nam
1499 2647 1582 2696 dies
1597 2650 1781 2695 vindictae
1804 2651 1847 2695 in
1871 2651 1982 2696 corde
2001 2665 2105 2708 mea,
2141 2648 2193 2704 Β
2214 2667 2293 2699 an-

328 2726 403 2757 nus
431 2711 709 2772 redemptorum
740 2727 911 2758 meorum
928 2713 1055 2758 venit.
1120 2713 1298 2759 Salutem
1314 2710 1505 2774 praestitit
1528 2714 1639 2759 Mihi
1657 2714 1859 2760 brachium
1879 2729 2035 2770 meum;
2067 2713 2292 2776 descendere

315 2773 407 2835 feci
431 2776 473 2820 in
503 2785 651 2822 terram
680 2778 888 2823 vitiorium
919 2791 1064 2821 eorum.
1136 2776 1286 2834 Dixit,
1308 2791 1392 2822 ecce
1401 2776 1562 2838 populus
1584 2793 1692 2824 meus
1713 2778 1799 2835 illi,
1825 2777 1935 2839 filii,
1970 2780 2050 2825 ideo
2053 2778 2201 2840 facias
2226 2779 2289 2842 esi

327 2839 406 2884 illis
429 2841 470 2884 in
494 2839 767 2897 Salvatorem,
780 2841 827 2886 ob
847 2843 1033 2885 Amorem
1041 2840 1164 2900 sumn
1178 2874 1194 2898 ‚
1211 2839 1266 2892 ὅ)
1286 2842 1333 2886 ob
1354 2841 1610 2888 Clementiam
1620 2840 1742 2904 fleam
1763 2844 1826 2888 iile
1847 2843 2008 2889 redemit
2020 2859 2105 2901 eos,
2120 2845 2288 2893 LXllI.

331 2918 353 2950 1
386 2903 442 2950 ad
470 2917 525 2960 93
558 2904 655 2949 haec
678 2904 735 2950 de
757 2905 914 2965 pugnis
939 2904 1122 2951 Domini
1142 2918 1298 2952 contra
1325 2903 1527 2954 Inferna:
1561 2921 1640 2967 per
1658 2906 1827 2954 vestem
1847 2908 1892 2955 in
1914 2923 1998 2970 qua
2018 2908 2287 2958 honorabilis

325 2966 410 3026 fuit
439 2966 486 3014 ἃ
509 2982 606 3029 quae
624 2969 866 3026 rubicunda
880 3005 893 3025 ,
927 2968 1183 3030 intelligitur
1209 2967 1412 3017 Verbum
1427 3006 1439 3026 ‚
1456 2971 1530 3017 cui
1551 2971 1764 3020 violentia
1785 2987 1811 3018 a
1833 2974 1997 3034 populo
2018 2973 2210 3036 Judaico
2232 2974 2284 3022 il-

323 3033 414 3080 lata
432 3030 523 3089 est3
556 3031 647 3094 ipsa
668 3048 817 3095 pugna
839 3044 994 3080 contra
1018 3033 1219 3090 inferna,
1254 3033 1304 3081 ἃ,
1323 3033 1509 3081 vici-oria
1532 3034 1656 3098 super
1675 3038 1771 3094 illa,
1785 3036 2044 3085 describitur
2065 3054 2143 3101 per
2165 3039 2284 3101 quod

322 3097 564 3147 calcaverit
589 3096 685 3144 illos
713 3099 758 3145 in
792 3097 856 3146 ira
890 3097 988 3154 sua,
1023 3096 1073 3144 ἃ.
1102 3100 1432 3147 conculcaverit
1451 3100 1497 3145 in
1517 3101 1880 3150 excandescentia
1902 3101 2002 3159 sua3
2032 3104 2150 3166 quod
2172 3106 2283 3152 solus

323 3160 375 3209 ἃ
406 3163 660 3229 err-propria
689 3163 890 3225 potentia
920 3164 1183 3226 pugnaverit
1206 3200 1221 3223 ‚
1255 3162 1512 3276 desccribitur
1545 3181 1625 3228 per
1651 3166 1749 3216 haec
1775 3203 1790 3228 ,
1826 3166 1883 3217 de
1902 3170 2071 3231 populo
2103 3184 2192 3216 non
2216 3168 2285 3214 vit

2097 3235 2289 3281 Mecum
