2508 3432
581 134 684 177 ιτ
718 107 1422 200 ,s-Ju4s,Doc‚T1³1NA
1470 105 1853 179 Cossnns'r
1878 127 1922 180 ι,
2161 119 2245 181 53

266 239 506 309 Regnum
536 234 779 296 Domini,·
803 234 856 285 in
889 224 1123 313 sulii-emo
1158 241 1333 282 autem
1365 229 1437 282 est
1476 229 1765 284 Dominus:
1802 226 1981 299 gradus
2004 224 2061 279 hi
2081 225 2250 280 ascen-

264 314 432 365 dentes
456 312 567 363 sunt
590 309 720 373 ficut*
734 303 1091 378 gradus‘scalae‚
1133 303 1184 360 in
1215 304 1358 371 cujus
1382 304 1562 355 vertice
1600 303 1671 355 est
1696 302 1972 366 Dominus.v

336 402 422 454 92.
463 376 675 435 Societas
711 380 783 432 est
805 378 1072 430 Proximus
1097 393 1197 446 prae
1225 374 1454 444 singulari
1493 375 1715 438 homine,
1755 377 1872 447 quia
1908 375 1992 428 illa
2030 373 2246 427 confistit

260 478 325 512 ex
349 457 572 530 pluribus
589 475 618 524 ²,
638 470 753 523 erga
776 452 915 516 iilam
941 450 1167 503 Charitas
1206 447 1428 500 fimiliter
1469 450 1742 500 exercenda
1784 450 1853 500 est
1897 461 1952 501 ut
1996 467 2110 519 erga
2148 447 2247 501 ho-

259 534 454 584 minem
494 531 547 581 in
585 526 831 596 fingulari,
871 542 1054 596 nempe
1092 523 1367 575 secundum
1402 521 1549 592 quale
1591 521 1711 572 boni
1747 524 1883 591 quod
1909 524 2040 593 apud
2069 522 2205 574 illam
2225 548 2249 586 5-

259 608 327 658 ita
373 603 564 676 prorsus
600 600 736 652 aliter
780 617 894 670 erga
932 599 1227 650 Societatem
1266 596 1558 668 proborum,
1597 611 1754 664 quam
1797 612 1912 663 erga
1949 597 2243 649 Societatem

260 698 362 732 non
386 677 658 749 proborum
680 693 694 725 ε
731 685 926 726 amatur
953 672 1167 740 Societas
1206 689 1369 742 quum
1407 669 1542 721 bono
1567 669 1671 739 ejus
1692 668 1961 728 consulitur
1986 685 2049 720 ex
2074 688 2244 722 amore

261 753 396 810 boni.
592 780 609 790 ·
704 787 731 815 ,¹
806 800 811 806 ,
875 768 877 770 ·
965 767 970 770 ·
1256 784 1259 786 -
1308 760 1311 769 “

331 842 419 895 93.
458 812 617 876 Patria
641 781 712 874 effi
738 821 1003 887 Proximus
1028 838 1128 893 prae
1153 819 1411 882 Societate‚
1448 817 1568 888 quia
1606 815 1824 868 Parentis
1862 815 2008 868 instar
2045 814 2134 879 est,
2172 817 2241 868 ibi

258 901 395 952 enim
420 898 578 950 homo
604 896 855 958 natusest,
893 895 1039 947 illum
1077 894 1247 958 nutrit,
1285 894 1338 945 δε
1363 893 1426 944 ab
1465 891 1650 963 injuriis
1689 902 1891 942 tutatur.
1953 889 2138 942 Patriae
2178 907 2241 941 ex

256 990 425 1026 amore
463 970 878 1023 benefaciendum
913 969 987 1022 est
1026 968 1300 1021 secundum
1339 966 1638 1020 neceffitates
1675 965 1795 1035 ejus,
1846 983 1959 1034 quae
1997 964 2242 1034 imprimis

254 1048 471 1119 speetant
509 1046 613 1115 ejus
641 1045 847 1105 vidium,
885 1044 938 1095 &2
962 1042 1174 1106 eorum,'
1195 1041 1283 1115 qui
1309 1042 1378 1093 ibi
1402 1041 1529 1103 sunt,
1568 1041 1723 1092 vitam
1755 1038 1973 1101 civilem,
2012 1039 2064 1090 δε
2090 1038 2246 1090 vitam

250 1119 567 1192 spiritualem.
644 1118 873 1187 Qui
773 1112 2072 1197 mesammessisstffln-QQ
2092 1112 2243 1184 12317

251 1208 354 1248 tera
376 1193 475 1244 vita
498 1202 634 1244 amat
657 1192 897 1263 R-effllqum
925 1191 1010 1242 Do
1048 1191 1082 1253 f
1124 1191 1134 1201 “
1191 1208 1256 1242 na
1349 1189 1367 1241 i
1406 1189 1417 1199 ⁶
1458 1207 1485 1241 e
1606 1205 1631 1239 e
1667 1205 1795 1240 num
1820 1187 2035 1256 Domini
2071 1182 2241 1254 {ifaf-

250 1256 731 1341 ἧῗειῖἶῇῖιῖἶιῆαῐ
755 1267 834 1317 Re
870 1283 998 1317 num
1022 1264 1233 1317 Domini
1257 1327 1259 1329 Ι
1293 1264 1305 1275 ”
1346 1260 2248 1333 QQQDEQQQ}

253 1341 324 1393 est
348 1358 499 1393 omne
522 1359 575 1392 in
601 1358 632 1392 o
727 1340 737 1350 '
867 1339 939 1391 sui
962 1339 1155 1410 Regni,
1384 1375 1388 1377 -
1647 1374 1650 1376 v

330 1431 418 1482 94.
454 1413 676 1464 Ecclefia
713 1413 783 1463 est
821 1414 1081 1482 proximus
1121 1431 1219 1484 prae
1254 1404 1432 1473 Patria,
1451 1403 1609 1463 ¹nam'
1630 1411 1718 1481 qui
1758 1409 1968 1462 consulit
1991 1407 2241 1470 Ecclefiae‚

256 1486 465 1538 consulit
496 1486 757 1543 animabus
779 1487 831 1534 δε
855 1486 967 1534 vitae
990 1497 1180 1534 aeternae
1217 1485 1490 1534 hominum
1524 1485 1614 1551 qui
1650 1486 1703 1533 in
1737 1484 1902 1535 Patria
1919 1509 1938 1544 3
1956 1499 2129 1550 jquare
2153 1482 2242 1550 qui

254 1558 465 1622 consulit
506 1555 737 1608 Ecclefiae
756 1573 840 1621 ,ex
876 1573 1064 1620 amore,
1102 1556 1143 1606 is
1181 1567 1316 1606 amat
1337 1555 1655 1623 *proximum
1694 1555 1746 1605 in
1790 1555 2024 1624 superiori
2066 1555 2266 1624 gradu,-

252 1647 372 1681 nam
397 1631 437 1693 is
461 1627 650 1692 ccelum
674 1628 727 1677 δι
750 1626 1039 1702 felicitatem
1064 1627 1175 1677 vitae
1197 1627 1252 1677 in
1276 1637 1518 1676 aeternum
1544 1626 1649 1677 aliis
1667 1638 1807 1696 optat
1829 1629 1883 1677 &
1903 1627 2028 1680 vult.
2063 1664 2071 1672 -

310 1720 360 1771 ¹9
367 1718 413 1770 5.
451 1701 691 1768 Regnum
711 1698 926 1765 Domini
949 1697 1020 1749 est
1046 1697 1311 1750 Proximus
1338 1697 1393 1749 in
1429 1696 1597 1750 adhuc
1632 1699 1866 1768 superiori
1906 1699 2078 1768 gradu,
2119 1704 2244 1752 nam'

251 1776 491 1846 Regnum
515 1772 727 1825 Domini
764 1770 983 1825 confistit
1015 1789 1079 1824 ex
1112 1770 1351 1824 omnibus
1386 1772 1475 1841 qui
1514 1771 1566 1824 in
1602 1771 1738 1824 bono
1778 1763 1907 1835 sunt,
1945 1785 2048 1824 tam
2072 1775 2242 1843 quiin

184 1873 186 1876 ’
249 1851 386 1903 terris
414 1865 570 1919 quam
608 1846 696 1918 qui
730 1846 783 1899 in
814 1845 987 1914 eseli&
1026 1846 1094 1899 ita
1116 1846 1358 1916 Regnum
1384 1844 1598 1898 Domini
1622 1846 1702 1899 est.
1719 1847 1926 1899 Bonum
1947 1865 2070 1915 cum
2096 1849 2240 1901 omni

252 1925 356 1991 ejus
398 1922 533 1993 quali
571 1922 624 1973 in
668 1919 936 1993 complexu
956 1947 973 1983 3
999 1919 1110 1989 >hoc
1151 1937 1273 1977 cum
1318 1931 1528 1987 amatur,
1567 1932 1798 1974 amantur
1838 1921 2016 1993 singuli
2057 1922 2145 1992 qui
2188 1923 2240 1974 in

252 1999 390 2050 bono
427 1997 552 2048 sunt.
602 2039 605 2042 ,
672 2036 674 2038 .
823 2016 827 2021 ·

327 2072 414 2140 96.
454 2071 527 2122 Hi
550 2069 728 2140 gradus
752 2069 862 2121 sunt
882 2070 1124 2135 Proximi,
1165 2070 1217 2121 ὅτ.
1243 2068 1635 2122 secundum·hos
1658 2069 1838 2140 gradus
1858 2064 2071 2121 ascendit
2096 2087 2239 2121 arnor

249 2145 380 2224 apud
424 2144 533 2197 illos
575 2145 664 2214 qui
703 2143 756 2194 in
799 2162 970 2196 amore
1013 2162 1127 2214 erga
1167 2143 1462 2215 proximum
1501 2143 1645 2196 sunt:
1683 2144 1765 2195 sed
1810 2142 1866 2195 hi
1905 2144 2084 2214 gradus
2128 2144 2238 2195 sunt
2285 2163 2288 2165 ’

247 2220 424 2289 gradus
460 2217 1042 2281 in“ordine-'succeffivo‚
1081 2219 1132 2269 in
1157 2236 1261 2288 quo
1286 2211 1651 2289 praeferendum
1692 2217 1764 2269 est
1801 2218 1936 2289 prius
1971 2209 2236 2288 seu-supe-

246 2294 346 2350 rius
389 2291 641 2360 posteriori
690 2293 772 2342 seu
802 2291 1075 2354 ⁴inferiori3
1128 2294 1181 2344 &
1225 2293 1342 2362 quia
1382 2293 1636 2353 Dominus
1678 2292 1750 2344 est
1792 2293 1844 2344 in
1884 2291 2133 2363 supreme,
2184 2293 2236 2342 &

247 2366 356 2436 Ipse
390 2364 686 2436 ¹spefitandus
727 2364 779 2413 in
822 2363 1022 2432 fingulis
1062 2365 1293 2430 gradibus
1333 2377 1388 2416 ut
1430 2366 1543 2418 finis
1581 2366 1644 2418 ad
1683 2384 1856 2436 quem,
1909 2366 1976 2416 ita
2011 2365 2081 2416 est
2129 2365 2236 2434 Ipse

248 2440 389 2510 supra
418 2454 602 2488 ,omnes
635 2437 692 2488 ὅτ.
730 2436 874 2505 supra
912 2437 1082 2490 omnia
1115 2437 1384 2487 amandus.
1459 2440 1543 2488 Ex
1584 2438 1662 2488 his
1707 2457 1843 2489 nunc
1882 2437 2102 2488 constare
2139 2456 2236 2507 po-

246 2513 353 2575 test,
404 2511 675 2582 quomodo*
708 2513 871 2562 Amor
920 2510 973 2561 in
1021 2509 1307 2561 Dominum
1352 2512 1399 2561 se
1443 2501 1698 2579 conjungit
1739 2528 1861 2560 cum
1885 2512 2078 2562 Amore
2118 2527 2241 2581 erga

285 2603 555 2638 roximum.
2252 2627 2256 2629 a

249 2605 283 2656 p
325 2676 414 2728 97.
450 2659 509 2709 In
540 2658 805 2709 communi
839 2657 1064 2710 sermone
1101 2656 1191 2720 est,
1229 2656 1367 2727 quod
1393 2655 1599 2728 quisque
1624 2656 1713 2708 fibi
1736 2657 1996 2728 proximus
2017 2657 2095 2720 fit,
2130 2656 2235 2710 hoc
2278 2658 2299 2732 'i

246 2733 333 2794 est,
364 2731 507 2801 'quod
547 2732 751 2800 quisque
782 2731 869 2782 fibi
911 2733 1133 2801 primum
1169 2731 1388 2783 consulet
1408 2757 1422 2792 ;
1462 2731 1541 2781 sed
1568 2731 1810 2782 Dodtrina
1851 2730 2098 2784 charitatis
2133 2731 2230 2784 do-
2299 2749 2306 2798 ξ

246 2820 347 2870 cet‚·
382 2806 641 2876 quomodo
674 2804 773 2855 hoc
801 2805 1178 2877 intelligendum
1213 2805 1299 2856 est.
1377 2804 1600 2875 Qsque
1626 2804 1715 2856 fibi
1749 2805 2009 2876 prospiciet
2042 2818 2099 2857 ut
2134 2805 2230 2858 ha·
2303 2799 2314 2844 ἶ

246 2882 358 2932 beat
394 2876 690 2930 neceffitates
734 2877 861 2945 vitae,
898 2892 956 2931 ut
998 2897 1180 2950 nempe
1226 2878 1433 2940 vietum,
1475 2891 1530 2930 ut
1567 2879 1924 2941 amictumfut
1959 2878 2231 2932 habitatio-
2317 2907 2320 2910 >

247 2972 382 3016 nem,
421 2955 473 3004 δε
500 2951 657 3023 plura,
697 2968 809 3021 quae
845 2951 900 3004 in
923 2953 1020 3006 vita
1060 2953 1208 3015 civili,
1248 2953 1299 3003 in
1333 2971 1434 3024 qua
1471 2953 1557 3016 est,
1597 2952 1855 3005 neceffario
1886 2954 2227 3025 requiruntur,
2318 2941 2322 2975 ³

249 3030 300 3080 δε
325 3026 423 3081 hoe
460 3044 565 3079 non
592 3024 749 3078 modo
779 3043 872 3097 pro
904 3021 953 3079 se
990 3027 1073 3080 sed
1111 3027 1261 3080 etiam
1299 3045 1389 3099 pro
1414 3025 1524 3092 suis,
1565 3045 1656 3080 nec
1691 3022 1849 3083 modo
1884 3047 1976 3101 pro
2000 3040 2226 3099 tempore

2009 3101 2230 3175 praesenti
