2502 3432
516 162 629 229 DE
667 153 1271 224 TELLvath
1325 182 1413 226 m
1458 155 1972 225 UNIVERSO.
2150 166 2235 236 η

206 320 210 324 -
241 287 426 352 caligo:
467 287 532 337 sol
554 287 630 335 ille
648 287 796 339 solum
827 288 873 334 in
903 287 1191 351 perceptione
1220 288 1343 352 apud
1379 288 1557 351 spiritus
1596 303 1654 336 ex
1687 287 1765 336 illo
1785 286 1882 335 viso
1916 301 2024 336 cum
2049 282 2234 332 fuerunt

249 355 299 402 in
323 353 513 411 mundo,
548 365 761 409 remanet,
794 351 845 400 δε
868 352 1030 400 fistitur
1064 353 1151 400 illis
1190 353 1237 399 in
1277 354 1374 400 idea
1412 354 1527 400 ficut
1560 354 1851 416 caliginosum
1889 351 2019 416 quid,
2059 351 2110 398 δε
2144 349 2232 398 hoc

248 436 277 468 a
313 433 443 482 tergo
479 419 536 466 ad
578 418 797 479 infignem
846 417 1117 475 distantiam,
1166 417 1400 465 altitudine
1446 420 1582 482 paulo
1635 420 1765 481 supra
1811 419 1998 482 planum
2037 415 2226 480 Capitis.

252 485 470 541 Planetae‚
507 484 589 548 qui
631 485 746 530 intra
779 483 897 531 Solis
930 484 1048 532 illius
1089 484 1316 531 mundum
1354 483 1470 541 sunt,
1514 496 1728 548 apparent
1767 483 2012 531 secundum
2052 495 2230 529 eertum

249 551 384 599 {itum
408 549 647 612 respective
680 550 738 596 ad
761 549 899 596 solem
919 571 935 604 ;
978 550 1236 597 Mercurius
1269 567 1295 598 a
1328 563 1459 613 tergo
1482 551 1618 614 paulo
1650 548 1801 596 versus
1836 549 2047 595 dextrum
2067 570 2083 602 ·,
2124 547 2229 594 Pla·

248 627 352 664 neta
373 616 563 662 Veneris
600 614 656 661 ad
691 614 914 662 sinistrum
945 615 1081 680 paulo
1117 628 1271 672 reti-03
1314 616 1492 664 Planeta
1515 616 1679 663 Martis
1714 615 1769 661 ad
1802 613 2021 660 finistrum
2058 624 2233 659 antror-

246 679 344 728 fum
362 703 378 736 ;
427 680 606 728 Planeta
629 681 760 741 Jovis
784 681 984 736 similiter
1015 682 1072 728 ad
1097 681 1318 729 sinistrum
1343 681 1593 731 antrorsum
1623 681 1697 728 sed
1727 680 1785 728 ad
1820 677 2037 743 majorem
2062 677 2229 724 distan-

246 747 355 793 tiam
368 768 390 803 5
437 746 619 793 Planeta
641 747 819 794 Saturni
852 748 1029 810 prorsus
1060 748 1307 795 antrorsum
1333 748 1390 794 ad
1415 748 1635 811 infignem
1660 746 1914 794 distantiam
1937 767 1951 799 ;
1999 743 2136 791 Luna
2169 742 2233 790 ad·

247 811 468 859 finistrum
506 811 605 860 satis
627 813 743 860 alte:
801 813 1016 860 Satellites
1037 815 1171 861 etiam
1206 814 1262 861 ad
1297 813 1521 861 finistrum
1547 813 1788 877 respeffive
1822 812 1879 859 ad
1914 810 2044 857 suum
2071 809 2231 856 Plane·

234 889 358 925 sam.
427 877 555 924 Talis
594 877 658 925 est
696 878 803 926 fitus
826 879 1114 926 Planetarum
1149 881 1332 927 illomm
1369 882 1415 926 in
1438 880 1551 928 ideis
1575 878 1897 943 spirituum'&
1929 876 2228 940 angelorum:

243 942 296 989 ὅτ
314 959 499 1007 quoque
521 943 700 1006 spiritus
720 957 933 1008 apparent
959 943 1092 1008 juxta
1113 945 1245 993 suum
1270 945 1518 1002 Planetam,
1554 959 1678 994 extra
1714 945 1860 992 illum.
1907 942 2053 1000 Quod
2075 953 2228 989 autem

239 1009 434 1071 Spiritus
457 1010 675 1057 Mercurii
707 1011 753 1057 in
778 1008 916 1074 specie
938 1013 1112 1067 attinet,
1150 1012 1215 1058 illi
1242 1027 1332 1059 non
1364 1025 1578 1076 apparent
1611 1013 1667 1059 ad
1702 1023 1869 1058 certam
1895 1009 2096 1072 plagam,
2138 1022 2222 1054 nec

241 1073 302 1120 ad
323 1087 489 1121 certam
514 1075 785 1133 distantiam,
820 1076 892 1123 sed
916 1091 1134 1141 apparent
1148 1094 1277 1125 ‚nunc
1311 1078 1576 1132 antrorsum,
1613 1093 1733 1124 nunc
1769 1074 2077 1130 sinistrorsum,
2105 1087 2227 1120 nunc

243 1140 379 1203 paulo
402 1140 458 1194 ad
482 1153 698 1203 tergum;
739 1140 868 1196 causa
888 1143 968 1199 est,
1002 1145 1109 1206 quia
1138 1145 1243 1192 licet
1271 1143 1356 1192 illis
1379 1145 1613 1209 pervagari
1636 1141 1917 1191 Universum
1952 1141 2009 1189 ad
2041 1153 2230 1203 compa·

243 1205 439 1252 randum
456 1205 535 1252 fibi
557 1209 850 1269 cognitiones·

306 1286 387 1330 43.
422 1272 713 1333 Apparebant
733 1273 964 1335 quondam
989 1274 1182 1335 Spiritus
1207 1276 1427 1322 Mercurii
1451 1276 1507 1322 ad
1530 1275 1752 1323 sinistrum
1775 1276 1820 1322 in
1844 1274 2002 1339 globo,
2039 1272 2090 1320 δε
2122 1270 2229 1331 dein

244 1335 290 1381 in
314 1335 546 1383 volumine
568 1337 834 1384 extendente
858 1336 896 1383 se
919 1339 964 1383 in
988 1337 1180 1400 longum
1202 1361 1217 1394 3
1258 1340 1307 1384 &
1333 1343 1516 1387 miratus
1539 1357 1634 1403 quo
1660 1341 1840 1394 vellent,
1876 1356 1988 1386 num
2022 1339 2079 1385 ad
2113 1337 2227 1384 hanc

246 1401 499 1459 Tell-utem,
533 1402 605 1448 vel
637 1418 748 1448 num
784 1403 889 1459 alio,
930 1404 981 1450 &
1018 1419 1128 1450 mox
1160 1405 1589 1460 animadvertebam,
1627 1405 1756 1468 quod
1790 1406 2014 1451 Hesterent
2042 1403 2084 1450 se
2114 1403 2229 1450 dex-

243 1467 454 1524 trorsum,
478 1472 542 1527 ⁷&
566 1466 606 1514 se
628 1468 905 1515 revolvendo
934 1470 1300 1533 approximarent
1329 1471 1386 1517 ad
1410 1469 1644 1518 Tellurem
1680 1470 1753 1517 seu
1771 1470 2000 1518 Planetam
2021 1469 2230 1526 Veneris.

241 1533 299 1580 ad
334 1534 516 1597 plagam
549 1532 643 1596 ejus
677 1535 943 1581 anteriorem
964 1557 980 1588 ·,
1023 1534 1096 1581 sed
1119 1551 1227 1582 cum
1253 1536 1359 1583 illuc
1380 1538 1600 1592 venirent,
1644 1536 1867 1591 dicebant,
1904 1536 2031 1598 quod
2057 1535 2119 1581 ibi
2141 1535 2227 1583 effe

239 1599 429 1655 nollent,
463 1600 570 1659 quia
602 1598 743 1652 mali;
783 1612 919 1660 quare
959 1597 1000 1644 se
1037 1600 1447 1647 circumfleelaebant
1478 1602 1535 1647 ad
1573 1600 1861 1664 posteriorem
1897 1614 2072 1664 partem
2110 1601 2229 1647 illius

238 1663 428 1720 telluris,
467 1664 518 1709 δε
540 1674 649 1709 tunc
688 1662 912 1718 dicebant,
947 1663 1072 1726 quod
1108 1663 1171 1710 ibi
1211 1666 1377 1712 morari
1399 1665 1584 1722 vellent,
1619 1667 1728 1728 quia
1764 1666 1844 1722 illi,
1885 1667 1965 1729 qui
2005 1665 2085 1722 ibi,
2124 1665 2228 1714 sunt

239 1729 363 1777 boni.
429 1729 542 1776 Hoc
580 1743 690 1775 cum
726 1727 877 1784 fiebat,
932 1729 1171 1777 sentiebam
1216 1730 1263 1777 in
1303 1731 1500 1778 Cerebro
1545 1734 1844 1779 mutationem
1883 1731 2123 1795 infignem,
2170 1732 2222 1780 δε

237 1795 543 1857 operationem
568 1793 731 1841 fortem
753 1795 874 1842 inde.
921 1796 1102 1843 Exinde
1123 1796 1391 1844 concludere
1414 1797 1618 1854 dabatur,
1654 1797 1780 1861 quod
1804 1797 1997 1862 Spiritus
2016 1798 2224 1855 Veneris.

239 1862 321 1924 qui
351 1860 408 1907 ab
442 1860 518 1907 illa
554 1873 679 1924 parte
713 1860 915 1909 Planetae
946 1861 1063 1919 sunt,
1118 1862 1444 1911 concordarent
1478 1880 1585 1912 cum
1625 1863 1863 1928 Spiritibus
1901 1864 2138 1920 Mercurii,
2176 1865 2228 1912 δε

235 1926 367 1990 quod
391 1926 454 1974 illi
479 1924 691 1974 referrent
713 1927 989 1976 Memoriam
1015 1943 1165 1976 rerum
1191 1930 1556 1978 immaterialium
1597 1930 1950 1979 concordantem
1983 1946 2092 1978 cum
2118 1931 2227 1978 Me·

237 1994 384 2040 moria
405 1993 787 2050 immaterialium,
822 2009 961 2058 quam
991 1993 1171 2058 spiritus
1192 1995 1415 2044 Mercurii
1438 1995 1634 2047 referunt
1657 2015 1669 2046 ε
1716 1996 1823 2045 inde
1844 1997 2045 2062 operatio
2066 1994 2228 2047 fortior

241 2056 400 2106 sentita
420 2057 484 2106 est
505 2058 563 2106 ab
585 2058 671 2105 illis
704 2075 814 2106 cum
847 2060 910 2108 ibi
933 2074 1071 2110 erant.

306 2142 388 2185 44.
425 2124 737 2172 Desiderabam
762 2125 885 2183 scire,
918 2143 1008 2190 qua
1031 2127 1140 2176 facie
1162 2129 1212 2177 &
1235 2145 1425 2195 corpore
1448 2129 1550 2179 sunt
1573 2131 1779 2179 homines
1814 2130 1860 2178 in
1883 2129 2071 2178 Tellure
2094 2129 2225 2178 Mer·

237 2192 368 2246 curii,
405 2206 516 2238 num
551 2190 714 2239 ssmiles
751 2192 1013 2240 hominibus
1047 2196 1095 2241 in
1119 2195 1299 2252 nostra;
1349 2210 1459 2245 tunc
1483 2197 1711 2246 fistebatur
1744 2213 1897 2245 coram
1931 2196 2075 2244 oculis
2112 2197 2225 2244 meis

237 2255 427 2303 foemina
457 2256 635 2320 prorsus
668 2258 822 2305 fimilis
854 2259 940 2306 illis
972 2276 1079 2322 quae
1111 2261 1157 2308 in
1182 2262 1368 2318 tellure;
1409 2264 1482 2312 illa
1501 2276 1594 2311 erat
1615 2263 1803 2328 pulchra
1822 2261 1950 2317 facie,
1981 2275 2024 2309 at
2049 2262 2224 2310 minore

236 2336 376 2382 quam
412 2319 615 2368 foeminis
648 2324 811 2368 nostrae
844 2324 1015 2369 telluris
1033 2347 1050 2377 3
1086 2341 1276 2387 corpore
1313 2330 1446 2374 etiam
1480 2330 1690 2390 gracilior
1727 2340 1837 2382 erat,
1878 2327 1951 2372 sed
1987 2326 2223 2372 altitudine

240 2385 402 2446 aequali
418 2407 433 2437 ς
471 2387 617 2446 capite
638 2396 730 2430 erat
750 2386 915 2431 amicta
941 2386 1083 2433 linteo
1113 2404 1205 2434 non
1240 2401 1332 2435 arte
1363 2391 1524 2452 posito,
1565 2391 1639 2436 sed
1662 2390 1800 2452 usque
1822 2390 2030 2436 decenter
2049 2407 2080 2440 ε,
2106 2388 2223 2437 siste·

241 2449 372 2495 batur
401 2449 539 2496 etiam
563 2450 650 2505 vir,
688 2449 768 2513 qui
801 2465 984 2514 quoque
1005 2463 1097 2498 erat
1130 2467 1319 2516 corpore
1357 2454 1605 2516 graciliore,
1649 2470 1788 2518 quam
1824 2453 1925 2500 sunt
1947 2455 2032 2501 viri
2056 2454 2222 2503 nostrae

239 2514 410 2561 telluris
428 2535 444 2568 ς
493 2514 567 2561 ille
605 2515 790 2562 indutus
828 2529 919 2563 erat
954 2516 1074 2564 veste
1112 2517 1297 2566 obscure
1336 2519 1541 2576 caerulea,
1584 2520 1639 2566 ad
1679 2535 1844 2585 corpus
1879 2519 2026 2570 stricte
2057 2533 2222 2585 aptata,

236 2580 398 2643 absque
421 2579 549 2642 plicis
572 2581 622 2627 &
643 2582 954 2643 prominentiis
977 2582 1083 2630 hinc
1106 2583 1241 2631 inde:
1290 2584 1465 2632 dietum
1501 2586 1628 2651 quod
1661 2585 1865 2633 homines
1903 2585 2020 2633 illius
2050 2587 2220 2635 telluris

237 2647 315 2692 tali
338 2646 486 2693 forma
507 2646 557 2692 &
591 2647 747 2694 habitu
784 2649 985 2711 corporis
1016 2649 1164 2696 essent.
1234 2650 1507 2698 Sistebantur
1539 2652 1644 2698 dein
1680 2650 1842 2714 species
1880 2667 2038 2699 eorum
2076 2653 2219 2702 boum

237 2713 290 2759 δε
311 2727 568 2769 vaccarum,
606 2728 714 2775 quae
733 2714 923 2776 quidem
947 2729 1038 2762 non
1063 2715 1264 2763 multum
1288 2716 1552 2765 differebant
1587 2718 1643 2764 ab
1664 2717 1748 2764 illis
1781 2718 1828 2767 in
1861 2716 2007 2766 nostra
2043 2719 2217 2777 tellure,

238 2777 311 2824 sed
353 2779 549 2824 minores
582 2788 724 2835 erant,
781 2779 833 2826 ὅτ
866 2780 1218 2844 quodammodo
1255 2783 1520 2831 accedebant
1558 2783 1613 2830 ad
1661 2782 1852 2848 speciem
1892 2799 2126 2834 cervarum
2164 2786 2217 2836 δε

235 2858 684 2981 αἵὲῗυῐῗέςποςεῑί
707 2910 842 2957 etiam
867 2910 966 2959 sunt
987 2911 1046 2959 de
1068 2911 1170 2958 Sole
1205 2900 1383 2970 mun'di,
1419 2914 1608 2991 qualite—r
1643 2915 1718 2964 ille
1748 2932 1806 2963 ex
1842 2916 1999 2965 tellure
2030 2917 2213 2996 illorum

237 2975 1055 3097 ῗὲιῗῖῗιξῡςῗὲῗὲἔὴὲἅοὲοὲἓὲἒῖἒ
1072 2978 1767 3110 3213031553323521385‘
1759 2994 1834 3096 «ἵζ’
1838 2998 1995 3097 ιὲἰὲῗω
2011 2985 2217 3100 6ἲὶςίῗὲ

241 3102 464 3165 d'icebant,
508 3107 636 3183 quod
669 3109 908 3172 temperies
945 3108 1030 3156 illis
1072 3109 1386 3224 essetCmedia,
1430 3127 1512 3161 nec
1550 3112 1692 3162 calida
1728 3115 1863 3163 nimis
1902 3131 1984 3164 nec
2017 3114 2230 3233 ἱῑὶῇίἰεέἓῖ
