2502 3432
249 215 340 272 40
529 195 642 255 DE
684 193 1292 260 TELLUROEUS
1340 219 1418 264 m
1460 199 1972 267 UNIVERSG.

253 323 479 386 loquelam
512 324 781 382 effinxerint,
821 341 913 374 non
950 337 1102 374 tamen
1137 342 1333 385 omnes·,
1380 330 1577 394 &quod
1616 331 1697 389 ini,
1736 347 1842 380 cum
1877 332 1994 381 fiunt
2033 331 2231 398 spiritus,

253 390 338 435 hoc
355 391 590 437 retineant.
661 392 732 439 Hi
757 391 873 447 sunt,
906 395 987 456 qui
1018 394 1064 439 in
1099 392 1239 456 specie
1274 409 1353 457 per
1373 397 1527 444 Avem
1564 397 1784 461 lapideam
1825 399 2058 462 significati
2095 399 2231 457 sunt-3

252 470 357 500 nam
377 471 463 518 -per
495 455 786 504 formationes
807 458 979 516 vultus,
1021 459 1070 506 &
1096 460 1347 507 volutiones
1389 460 1627 520 labiorum,
1667 479 1771 510 cum
1810 467 2056 512 remotione
2096 466 2231 514 affec-

252 522 448 575 tionum,
489 522 538 568 &
563 522 857 571 subtractione
881 527 1208 587 cogitationum
1232 525 1287 572 ab
1310 525 1420 583 aliis,
1462 527 1604 575 sistere
1638 529 1881 591 loquelam,
1922 530 1985 577 est
2008 531 2232 594 loquelam

251 588 517 641 exanimare,
555 590 603 635 δε
626 589 749 636 illam
773 588 913 637 facere
937 590 1069 638 instar
1091 591 1359 649 simulachri,
1401 593 1450 640 δε
1473 608 1551 656 per
1573 596 1736 657 gradus
1773 595 1813 642 se
1835 611 2018 659 quoque
2054 596 2230 646 similes.

254 652 342 698 Sed
367 653 538 700 tametsi
561 667 735 718 putant,
777 656 903 718 quod
927 671 1018 703 non
1053 657 1358 719 intelligantur
1391 657 1446 705 ab
1471 659 1580 716 aliis,
1621 661 1731 723 quid
1757 662 1871 708 inter
1903 663 1943 708 se
1965 662 2230 725 loquuntur,

246 717 394 781 -usque
416 731 566 767 tamen
592 721 784 783 Spiritus
808 722 1024 783 Angelici
1047 724 1200 769 omnia
1233 723 1283 772 &
1306 723 1492 786 lingula,
1534 741 1642 788 q-uae
1681 727 1929 788 loquuntur
1949 729 2200 792 percipiunt
2217 750 2233 783 ς

251 787 380 832 caula
415 785 497 841 est,
537 788 642 848 quia
675 785 730 831 ab
767 786 853 832 illis
893 787 1084 834 subtrahi
1124 790 1340 850 cogitatio
1374 789 1522 853 aliqua
1559 806 1649 838 non
1673 791 1831 854 potest.
1901 793 2013 840 Hoc
2051 809 2240 856 quoque·

249 850 344 896 ‹illis
383 850 692 897 ostendebatur
732 867 811 913 per
834 853 988 899 vivam
1022 855 1374 916 experientiam·,
1421 855 1675 916 cogitabam
1716 857 1773 903 de
1796 873 1866 914 eo,
1906 858 2030 920 quod
2056 858 2234 922 spiritus

249 916 362 962 ‚mali
386 915 546 964 nostrae
570 916 738 964 telluris
761 933 852 965 non
875 919 1121 966 afficiantur
1141 921 1333 982 pudore,
1363 936 1468 968 cum
1494 920 1701 968 infestant
1723 922 1830 968 alios
1850 945 1864 977 3
1910 923 1995 970 hoc
2024 924 2236 971 influebat

247 983 376 1043 apud
403 998 475 1029 me
508 999 532 1030 a
567 982 790 1046 spiritibus
824 985 1033 1046 angelicis
1062 987 1147 1047 qui
1184 986 1486 1050 percipiebant
1525 987 1707 1033 illorum
1748 987 2012 1050 loquelam3
2059 988 2236 1052 spiritus

257 1047 320 1093 illi
347 1049 512 1095 Martis
536 1062 645 1096 tunc
667 1046 979 1112 agnoscebant,
1017 1051 1141 1113 quod
1177 1052 1221 1097 id
1252 1051 1353 1099 effet
1383 1053 1438 1099 de
1473 1069 1567 1115 quo
1600 1053 1713 1099 inter
1748 1052 1788 1099 se
1824 1053 2139 1116 loquebantur,
2184 1069 2236 1101 ac

257 1115 404 1160 mirati
430 1115 557 1163 sunt:
595 1129 859 1178 .praeterea.a
880 1117 1048 1179 Spiritu
1073 1118 1301 1180 Angelico
1334 1119 1659 1180 detegebantur
1691 1118 1837 1181 plura,
1877 1135 1981 1180 quae
2006 1121 2050 1166 δι
2081 1120 2234 1182 loque-

250 1180 418 1227 bantur
449 1183 498 1228 &
522 1198 628 1244 quae
651 1182 935 1244 cogitabant,
975 1196 1207 1246 utcunque
1244 1183 1497 1246 satagebant
1533 1185 1828 1246 cogitationes
1869 1185 1933 1230 illi
1975 1183 2232 1232 subducere.

256 1245 415 1294 Postea
444 1247 695 1294 influebant
719 1249 893 1311 spiritus
917 1248 982 1295 illi
1011 1265 1036 1295 a
1058 1249 1271 1314 superiori
1310 1251 1355 1295 in
1389 1249 1548 1297 faciem
1586 1265 1729 1296 meam
1752 1272 1765 1304 ;
1808 1249 2001 1296 influxus
2025 1249 2236 1297 sentieba-

251 1324 332 1358 tur
361 1312 500 1359 ⁴instar
538 1315 681 1359 tenuis
698 1314 873 1375 pluviae
896 1313 1074 1368 striatae‚
1114 1315 1243 1375 quod
1267 1315 1446 1376 iignum
1485 1327 1596 1370 erat,
1640 1316 1765 1376 quod
1790 1330 1881 1360 non
1919 1316 1966 1360 in
2001 1314 2234 1363 affectione

255 1379 348 1424 veri
372 1393 422 1424 ac
444 1378 549 1424 boni
585 1378 738 1435 essem,
777 1378 827 1423 id
859 1380 981 1425 enim
1016 1393 1095 1441 per
1133 1378 1336 1425 striatum
1373 1378 1742 1441 repraesentatur:
1790 1378 2089 1440 loquebantur
2125 1392 2236 1428 tunc

249 1458 435 1490 mecum
478 1441 720 1499 manifeste,
757 1443 968 1500 dicendo,
1005 1442 1133 1506 quod
1173 1444 1334 1491 incolae
1368 1445 1537 1491 telluris
1578 1444 1761 1491 illorum
1802 1443 2002 1492 similiter
2041 1447 2153 1492 inter
2187 1445 2232 1494 se

248 1509 507 1572 loquantur.
576 1509 824 1557 Dicebatur
861 1521 969 1557 tunc
1008 1510 1111 1566 illis,
1157 1511 1282 1572 quod
1320 1510 1406 1558 hoc
1446 1511 1618 1557 malum
1660 1511 1728 1566 sit,
1769 1511 1872 1572 quia
1909 1509 1968 1556 sic
2001 1510 2236 1559 obstruunt
2316 1552 2320 1554 ,

250 1575 442 1632 cinterna,
477 1578 525 1622 &
562 1575 616 1621 ab
640 1575 725 1621 illis
761 1575 978 1623 recedunt
1011 1576 1068 1622 ad
1103 1587 1298 1631 externa,
1337 1592 1443 1638 quae
1476 1592 1658 1638 quoque
1692 1577 1872 1638 privant
1905 1576 1979 1623 sua
2014 1578 2104 1623 vita
2119 1598 2138 1632 -3
2185 1578 2234 1624 δε

247 1642 497 1703 imprimis,
531 1642 638 1703 quia
664 1656 753 1687 non
778 1642 998 1687 sincerum
1032 1640 1096 1687 est
1130 1642 1190 1688 ita
1222 1642 1379 1702 loqui·,
1432 1656 1535 1686 nam
1565 1642 1645 1701 qui
1675 1641 1827 1686 sinceri
1851 1640 1966 1695 sunt,
2010 1642 2120 1687 nihil
2153 1658 2235 1688 vo-

251 1706 356 1753 lunt
394 1706 536 1770 loqui,
580 1722 634 1752 ne
672 1706 860 1769 quidem
900 1706 1113 1767 cogitare,
1166 1705 1246 1751 nisi
1283 1706 1368 1752 tale
1409 1706 1535 1767 quod
1575 1705 1712 1751 sciant
1749 1705 1839 1761 alii,
1886 1706 1982 1752 imo
2017 1706 2048 1752 fi
2088 1705 2234 1754 forent

248 1787 428 1826 omnes,
463 1773 595 1818 etiam
619 1784 767 1818 totum
794 1771 999 1826 coelum,
1039 1783 1082 1817 at
1104 1771 1184 1833 qui
1207 1786 1298 1818 non
1322 1769 1501 1826 volunt,
1540 1782 1591 1817 ut
1622 1770 1693 1817 alii
1727 1769 1862 1817 sciant
1893 1771 2003 1833 quid
2037 1771 2234 1835 loquun-

255 1850 346 1894 tur,
382 1837 445 1884 illi
472 1835 679 1900 judicant
714 1836 771 1883 de
804 1836 914 1893 aliis,
953 1835 1067 1883 male
1103 1836 1296 1883 sentiunt
1335 1836 1391 1882 de
1426 1835 1528 1891 illis,
1566 1837 1616 1883 δε
1641 1836 1753 1882 bene
1786 1836 1844 1882 de
1868 1835 1926 1891 se,
1964 1837 2014 1883 ὅτ
2051 1837 2235 1885 tandem

254 1919 312 1950 ex
340 1902 494 1950 habitu
533 1902 768 1949 trahuntur
797 1901 936 1965 usque
959 1901 1083 1959 illuc,
1122 1915 1175 1951 ut
1215 1902 1330 1949 male
1361 1903 1545 1949 sentiant
1584 1902 1633 1948 &
1667 1902 1908 1965 loquantur
1943 1902 1999 1949 de
2022 1901 2235 1960 Ecclesia,

255 1969 313 2017 de
336 1969 493 2025 Coelo,
528 1969 625 2016 imo
659 1969 716 2016 de
740 1967 843 2032 Ipso
865 1969 1086 2016 Domino.
1155 1969 1365 2026 Dictum,
1402 1968 1529 2031 quod
1564 1967 1628 2014 illi
1662 1970 1743 2030 qui
1775 1979 1926 2014 amant
1955 1968 2237 2030 cognitiones

254 2037 304 2083 &
343 2050 435 2083 non
474 2037 534 2083 ita
555 2036 696 2083 vitam
735 2033 981 2082 secundum
1016 2034 1129 2091 illas,
1174 2035 1222 2093 in
1258 2034 1472 2081 Maximo
1510 2034 1721 2081 Homine
1757 2033 1944 2080 referant
1982 2034 2238 2080 interiorem

253 2101 576 2150 Membranam
612 2101 796 2157 Cranii;
841 2113 887 2148 at
920 2101 986 2147 illi
1022 2102 1102 2164 qui
1136 2100 1378 2147 assuescunt
1415 2099 1540 2162 loqui
1578 2097 1740 2161 absque
1778 2097 2030 2154 affectione,
2071 2099 2120 2144 &
2157 2114 2235 2144 co-

255 2167 520 2230 gitationem
564 2166 783 2215 attrahere
821 2167 875 2213 ad
914 2165 955 2214 se
988 2168 1036 2214 &
1071 2164 1324 2213 'subtrahere
1369 2165 1479 2221 aliis,
1526 2164 1654 2227 quod
1698 2162 1885 2211 referant
1919 2163 2236 2210 Membranam

253 2232 397 2290 illam,
437 2233 509 2280 sed
543 2233 707 2281 offearn
731 2231 911 2289 factam,
949 2233 1055 2296 quia
1075 2231 1131 2279 ab
1154 2233 1299 2295 aliqua
1320 2232 1414 2278 vita
1438 2229 1649 2293 spirituali
1673 2229 1725 2276 fit
1749 2229 1834 2275 illis
1857 2228 1978 2275 nulla
1999 2230 2106 2276 vita.

318 2299 399 2363 96,
436 2299 560 2363 Qia
590 2315 671 2364 per
694 2301 850 2346 Avem
885 2298 1104 2362 lapideam
1129 2299 1262 2345 etiam
1289 2295 1585 2360 repraesentati
1609 2295 1725 2352 sunt,
1765 2295 1847 2357 qui
1882 2296 1928 2340 in
1953 2294 2053 2341 solis
2077 2294 2236 2356 cogni·

250 2363 451 2412 tionibus
475 2363 593 2418 sunt,
629 2365 677 2410 δε
702 2365 749 2410 in
773 2364 894 2409 nulla
913 2366 1007 2410 vita
1040 2366 1223 2419 amoris,
1265 2365 1314 2409 &
1336 2363 1441 2423 quia
1465 2361 1570 2406 inde
1605 2361 1727 2407 nulla
1761 2361 1846 2406 illis
1868 2360 1962 2406 vita
1985 2359 2237 2423 spiritualis,

254 2430 360 2478 ideo
385 2430 456 2476 hic
480 2429 740 2492 appendicis
763 2427 865 2476 loco
890 2427 994 2476 licet
1016 2427 1261 2483 ostendere,
1302 2425 1427 2489 quod
1451 2424 1538 2472 illis
1562 2422 1661 2471 solis
1694 2425 1788 2470 vita
1810 2423 2042 2487 spiritualis
2066 2425 2135 2480 sit,
2160 2424 2241 2487 qui

254 2497 304 2543 in
328 2511 481 2543 amore
513 2495 684 2542 coelesti
718 2493 837 2550 sunt,
872 2495 922 2541 &
955 2493 1061 2542 inde
1090 2495 1136 2540 in
1169 2491 1536 2556 cognitionibus·,
1577 2490 1626 2537 &
1651 2489 1776 2553 quod
1814 2504 1944 2537 amor
1978 2491 2023 2538 in
2058 2489 2098 2536 se
2129 2505 2239 2536 con·

254 2563 396 2610 tineat
416 2577 555 2609 omne
584 2561 872 2623 cognitivum
897 2559 1023 2622 quod
1056 2560 1219 2607 amoris
1257 2558 1375 2604 illius
1403 2557 1482 2604 est.
1552 2556 1652 2602 Sint
1686 2571 1771 2618 pro
1792 2555 2005 2619 exemplo
2037 2555 2241 2602 animalia

254 2641 405 2684 terrae,
446 2628 496 2674 δε
535 2642 717 2690 quoque
755 2626 963 2673 animalia
995 2625 1104 2673 coeli
1143 2625 1214 2672 seu
1249 2626 1391 2680 Aves,
1439 2623 1524 2669 illis
1565 2622 1629 2668 est
1669 2621 1846 2669 scientia
1888 2621 2098 2668 omnium
2137 2635 2239 2684 quae

259 2695 425 2741 amoris
451 2693 631 2740 illorum
655 2692 772 2749 sunt,
810 2707 983 2739 amores
1006 2692 1188 2739 illorum
1214 2689 1330 2746 sunt,
1355 2689 1396 2737 se
1418 2689 1601 2744 nutrire,
1642 2699 1739 2734 tute
1761 2686 1971 2744 habitare,
1996 2701 2237 2751 propagare

258 2757 475 2815 sobolem,
513 2759 662 2822 pullos
685 2759 814 2814 alere,
846 2757 1132 2821 quorundam
1167 2756 1248 2803 fibi
1280 2754 1527 2819 prospicere
1563 2769 1647 2817 pro
1671 2753 1862 2815 hyeme3
1902 2768 2038 2816 quare
2060 2751 2123 2798 est
2153 2751 2237 2826 illis

255 2826 407 2870 omnis
429 2824 606 2873 scientia
629 2823 867 2888 requisita;
904 2825 1001 2871 haec
1023 2825 1146 2871 enim
1167 2822 1396 2870 amoribus
1419 2820 1505 2867 illis
1529 2818 1654 2875 inest,
1684 2820 1733 2866 ὅτ
1757 2820 1803 2866 in
1827 2817 1926 2866 illos
1950 2819 2096 2866 influit
2119 2827 2170 2863 ut
2191 2831 2238 2861 in

258 2886 352 2949 ipsa
375 2889 448 2934 sua
482 2891 788 2953 receptacula3
837 2889 1154 2953 quae1scientia
1186 2887 1453 2952 quibusdam
1492 2884 1757 2933 animalibus
1780 2884 1878 2932 talis
1899 2883 1980 2940 est,
2025 2894 2076 2928 ut
2098 2881 2238 2955 houm

261 2967 352 2999 non
378 2955 507 3014 possit
538 2956 663 3000 aliter
683 2971 823 3018 quam
838 2954 1179 3018 obstupescere:
1228 2952 1405 3000 scientia
1437 2951 1524 2998 illis
1553 2950 1617 2998 est
1643 2961 1846 3006 connata,
1889 2950 1939 2996 ὅτ
1962 2958 2146 2994 vocatur
2168 2961 2237 2991 in·

260 3016 461 3073 stiuam,
493 3016 567 3064 sed
605 3019 667 3064 est
691 3022 854 3067 amoris
879 3022 1089 3068 naturalis
1113 3022 1160 3067 in
1181 3035 1276 3082 quo
1312 3018 1426 3065 sunt.
1495 3017 1543 3063 Si
1578 3017 1720 3063 homo
1749 3017 1796 3062 in
1825 3014 1904 3060 suo
1933 3025 2084 3058 amore
2117 3011 2235 3067 effer,

255 3083 343 3146 (qui
365 3081 429 3130 est
454 3084 603 3129 Amor
637 3083 682 3127 in
706 3085 860 3131 Deum
883 3086 932 3132 &
955 3100 1064 3147 erga
1086 3086 1349 3148 proximum
1371 3104 1386 3138 ;
1430 3082 1534 3139 (hic
1567 3096 1696 3128 amor
1716 3080 1781 3127 est
1799 3076 1992 3125 hominis
2014 3077 2238 3139 proprius,

266 3164 351 3214 per*
388 3162 527 3214 quem
567 3146 856 3211 distinguitur
894 3165 920 3196 a
961 3150 1126 3207 bestiis,
1171 3149 1325 3263 estque
1362 3162 1493 3194 amor
1537 3144 1762 3203 eoelestis>
1817 3154 1926 3189 tunc
1970 3140 2241 3258 homqossqg

793 3341 823 3365 ἱ
