<?xml version="1.0" encoding="UTF-8"?>
<!DOCTYPE html PUBLIC "-//W3C//DTD XHTML 1.0 Transitional//EN"
    "http://www.w3.org/TR/xhtml1/DTD/xhtml1-transitional.dtd">
<html xmlns="http://www.w3.org/1999/xhtml" xml:lang="en" lang="en">
 <head>
  <title>
</title>
<meta http-equiv="Content-Type" content="text/html;charset=utf-8" />
  <meta name='ocr-system' content='tesseract 3.04.00' />
  <meta name='ocr-capabilities' content='ocr_page ocr_carea ocr_par ocr_line ocrx_word'/>
</head>
<body>
  <div class='ocr_page' id='page_1' title='image "./denovahierosolym00sweduoft_0388.png"; bbox 0 0 2632 3516; ppageno 0'>
   <div class='ocr_carea' id='block_1_1' title="bbox 211 247 2002 322">
    <p class='ocr_par' dir='ltr' id='par_1_1' title="bbox 211 247 2002 322">
     <span class='ocr_line' id='line_1_1' title="bbox 211 247 2002 322; baseline -0.003 -1"><span class='ocrx_word' id='word_1_1' title='bbox 211 265 283 322; x_wconf 75' lang='lat' dir='ltr'><em>&#39;xz</em></span> <span class='ocrx_word' id='word_1_2' title='bbox 413 249 914 318; x_wconf 88' lang='lat' dir='ltr'>DOCTRINA</span> <span class='ocrx_word' id='word_1_3' title='bbox 962 248 1233 312; x_wconf 88' lang='lat' dir='ltr'>NOVAE</span> <span class='ocrx_word' id='word_1_4' title='bbox 1283 247 2002 315; x_wconf 88' lang='lat' dir='ltr'>HIEROSOLYMAE</span> 
     </span>
    </p>
   </div>
   <div class='ocr_carea' id='block_1_2' title="bbox 164 377 2204 3159">
    <p class='ocr_par' dir='ltr' id='par_1_2' title="bbox 158 377 2204 3159">
     <span class='ocr_line' id='line_1_2' title="bbox 218 377 2194 449; baseline -0.001 -14"><span class='ocrx_word' id='word_1_5' title='bbox 218 400 341 438; x_wconf 87' lang='lat' dir='ltr'><em>mum</em></span> <span class='ocrx_word' id='word_1_6' title='bbox 362 382 420 431; x_wconf 90' lang='lat' dir='ltr'><em>de</em></span> <span class='ocrx_word' id='word_1_7' title='bbox 438 380 518 431; x_wconf 89' lang='lat' dir='ltr'><em>illis</em></span> <span class='ocrx_word' id='word_1_8' title='bbox 537 379 674 430; x_wconf 81' lang='lat' dir='ltr'><em>fuerit</em></span> <span class='ocrx_word' id='word_1_9' title='bbox 696 377 955 429; x_wconf 86' lang='lat' dir='ltr'><em>mandatum</em></span> <span class='ocrx_word' id='word_1_10' title='bbox 968 410 985 436; x_wconf 89' lang='lat'><em>‚</em></span> <span class='ocrx_word' id='word_1_11' title='bbox 1019 380 1140 444; x_wconf 89' lang='lat' dir='ltr'><em>quod</em></span> <span class='ocrx_word' id='word_1_12' title='bbox 1159 395 1250 430; x_wconf 89' lang='lat' dir='ltr'><em>non</em></span> <span class='ocrx_word' id='word_1_13' title='bbox 1270 379 1433 443; x_wconf 91' lang='lat' dir='ltr'><em>aliquid</em></span> <span class='ocrx_word' id='word_1_14' title='bbox 1453 382 1665 442; x_wconf 90' lang='lat' dir='ltr'><em>Domini,</em></span> <span class='ocrx_word' id='word_1_15' title='bbox 1691 383 1798 432; x_wconf 89' lang='lat' dir='ltr'><em>Caeli</em></span> <span class='ocrx_word' id='word_1_16' title='bbox 1819 382 1868 432; x_wconf 76' lang='grc' dir='ltr'><em>δι</em></span> <span class='ocrx_word' id='word_1_17' title='bbox 1888 382 2099 433; x_wconf 71' lang='lat' dir='ltr'><em>Ecclesiae</em></span> <span class='ocrx_word' id='word_1_18' title='bbox 2112 384 2194 449; x_wconf 83' lang='lat' dir='ltr'><em>fig·</em></span> 
     </span>
     <span class='ocr_line' id='line_1_3' title="bbox 218 444 2193 512; baseline -0.001 -12"><span class='ocrx_word' id='word_1_19' title='bbox 218 446 485 501; x_wconf 86' lang='lat' dir='ltr'><em>nificaverit.</em></span> <span class='ocrx_word' id='word_1_20' title='bbox 519 445 591 509; x_wconf 65' lang='lat' dir='ltr'><em>En</em></span> <span class='ocrx_word' id='word_1_21' title='bbox 609 447 677 495; x_wconf 88' lang='lat' dir='ltr'><em>his</em></span> <span class='ocrx_word' id='word_1_22' title='bbox 697 445 851 510; x_wconf 87' lang='lat' dir='ltr'>paucis</span> <span class='ocrx_word' id='word_1_23' title='bbox 875 444 1107 495; x_wconf 87' lang='lat' dir='ltr'><em>evidenter</em></span> <span class='ocrx_word' id='word_1_24' title='bbox 1128 445 1273 496; x_wconf 88' lang='lat' dir='ltr'><em>videri</em></span> <span class='ocrx_word' id='word_1_25' title='bbox 1294 445 1441 509; x_wconf 87' lang='lat' dir='ltr'><em>potest</em></span> <span class='ocrx_word' id='word_1_26' title='bbox 1455 482 1470 507; x_wconf 90' lang='lat'><em>,</em></span> <span class='ocrx_word' id='word_1_27' title='bbox 1504 448 1623 512; x_wconf 87' lang='lat' dir='ltr'><em>quod</em></span> <span class='ocrx_word' id='word_1_28' title='bbox 1644 448 1799 498; x_wconf 83' lang='lat' dir='ltr'>Sensus</span> <span class='ocrx_word' id='word_1_29' title='bbox 1819 448 2062 512; x_wconf 86' lang='lat' dir='ltr'><em>Spiritualis</em></span> <span class='ocrx_word' id='word_1_30' title='bbox 2084 450 2193 499; x_wconf 80' lang='lat' dir='ltr'><em>sitin</em></span> 
     </span>
     <span class='ocr_line' id='line_1_4' title="bbox 219 509 1203 576; baseline -0.009 -11"><span class='ocrx_word' id='word_1_31' title='bbox 219 515 426 565; x_wconf 88' lang='lat' dir='ltr'><em>omnibus</em></span> <span class='ocrx_word' id='word_1_32' title='bbox 444 509 493 560; x_wconf 71' lang='grc' dir='ltr'>ἃ</span> <span class='ocrx_word' id='word_1_33' title='bbox 518 510 694 576; x_wconf 78' lang='lat' dir='ltr'><em>singulis</em></span> <span class='ocrx_word' id='word_1_34' title='bbox 716 509 873 559; x_wconf 83' lang='lat' dir='ltr'><strong>Verbi.</strong></span> <span class='ocrx_word' id='word_1_35' title='bbox 1178 526 1203 538; x_wconf 47' lang='grc' dir='ltr'><strong>Φ</strong></span> 
     </span>
     <span class='ocr_line' id='line_1_5' title="bbox 290 575 2190 643; baseline 0.001 -17"><span class='ocrx_word' id='word_1_36' title='bbox 290 594 363 641; x_wconf 81' lang='lat'><em>1?-</em></span> <span class='ocrx_word' id='word_1_37' title='bbox 399 576 537 642; x_wconf 89' lang='lat' dir='ltr'><em>Quod</em></span> <span class='ocrx_word' id='word_1_38' title='bbox 566 575 788 626; x_wconf 83' lang='lat' dir='ltr'>Dominus</span> <span class='ocrx_word' id='word_1_39' title='bbox 822 590 925 624; x_wconf 89' lang='lat' dir='ltr'><em>cum</em></span> <span class='ocrx_word' id='word_1_40' title='bbox 961 575 1007 624; x_wconf 89' lang='lat' dir='ltr'><em>in</em></span> <span class='ocrx_word' id='word_1_41' title='bbox 1035 575 1204 624; x_wconf 90' lang='lat' dir='ltr'><em>mundo</em></span> <span class='ocrx_word' id='word_1_42' title='bbox 1223 576 1333 634; x_wconf 89' lang='lat' dir='ltr'><em>fuit,</em></span> <span class='ocrx_word' id='word_1_43' title='bbox 1366 578 1566 641; x_wconf 86' lang='lat' dir='ltr'>loquutus</span> <span class='ocrx_word' id='word_1_44' title='bbox 1587 577 1640 627; x_wconf 82' lang='lat' dir='ltr'><em>fit</em></span> <span class='ocrx_word' id='word_1_45' title='bbox 1660 594 1738 640; x_wconf 88' lang='lat' dir='ltr'><em>per</em></span> <span class='ocrx_word' id='word_1_46' title='bbox 1758 578 2190 643; x_wconf 73' lang='lat' dir='ltr'><em>correspondenti23‚</em></span> 
     </span>
     <span class='ocr_line' id='line_1_6' title="bbox 225 638 2192 708; baseline -0.002 -14"><span class='ocrx_word' id='word_1_47' title='bbox 225 646 290 695; x_wconf 86' lang='lat' dir='ltr'><em>ita</em></span> <span class='ocrx_word' id='word_1_48' title='bbox 306 642 584 708; x_wconf 83' lang='lat' dir='ltr'>spiritualiter</span> <span class='ocrx_word' id='word_1_49' title='bbox 600 657 702 691; x_wconf 92' lang='lat' dir='ltr'><em>cum</em></span> <span class='ocrx_word' id='word_1_50' title='bbox 733 642 1014 698; x_wconf 76' lang='lat' dir='ltr'>naturaliter,</span> <span class='ocrx_word' id='word_1_51' title='bbox 1050 638 1252 690; x_wconf 89' lang='lat' dir='ltr'><em>constare</em></span> <span class='ocrx_word' id='word_1_52' title='bbox 1273 642 1419 705; x_wconf 89' lang='lat' dir='ltr'><em>potest</em></span> <span class='ocrx_word' id='word_1_53' title='bbox 1439 659 1493 691; x_wconf 83' lang='lat' dir='ltr'><em>ex</em></span> <span class='ocrx_word' id='word_1_54' title='bbox 1515 644 1738 692; x_wconf 88' lang='lat' dir='ltr'><em>Parabolis</em></span> <span class='ocrx_word' id='word_1_55' title='bbox 1755 643 1911 707; x_wconf 80' lang='lat' dir='ltr'><em>Ipsius,</em></span> <span class='ocrx_word' id='word_1_56' title='bbox 1947 645 1992 692; x_wconf 88' lang='lat' dir='ltr'><em>in</em></span> <span class='ocrx_word' id='word_1_57' title='bbox 2011 659 2192 708; x_wconf 89' lang='lat' dir='ltr'><em>quarum</em></span> 
     </span>
     <span class='ocr_line' id='line_1_7' title="bbox 222 705 2192 772; baseline -0.001 -13"><span class='ocrx_word' id='word_1_58' title='bbox 222 709 399 772; x_wconf 85' lang='lat' dir='ltr'><em>fingulis</em></span> <span class='ocrx_word' id='word_1_59' title='bbox 428 707 614 755; x_wconf 91' lang='lat' dir='ltr'><em>vocibus</em></span> <span class='ocrx_word' id='word_1_60' title='bbox 637 705 750 755; x_wconf 89' lang='lat' dir='ltr'><em>inest</em></span> <span class='ocrx_word' id='word_1_61' title='bbox 772 707 928 754; x_wconf 83' lang='lat' dir='ltr'>Sensus</span> <span class='ocrx_word' id='word_1_62' title='bbox 949 706 1214 767; x_wconf 86' lang='lat' dir='ltr'><em>Spiritualis:</em></span> <span class='ocrx_word' id='word_1_63' title='bbox 1251 710 1456 771; x_wconf 83' lang='lat' dir='ltr'><em>exemplo</em></span> <span class='ocrx_word' id='word_1_64' title='bbox 1481 709 1531 756; x_wconf 80' lang='lat' dir='ltr'><em>sit</em></span> <span class='ocrx_word' id='word_1_65' title='bbox 1548 710 1759 757; x_wconf 87' lang='lat' dir='ltr'><em>Parabola</em></span> <span class='ocrx_word' id='word_1_66' title='bbox 1779 709 1836 757; x_wconf 92' lang='lat' dir='ltr'><em>de</em></span> <span class='ocrx_word' id='word_1_67' title='bbox 1859 710 2017 757; x_wconf 86' lang='lat' dir='ltr'><em>decern</em></span> <span class='ocrx_word' id='word_1_68' title='bbox 2041 709 2192 772; x_wconf 80' lang='lat' dir='ltr'><em>Virgi-</em></span> 
     </span>
     <span class='ocr_line' id='line_1_8' title="bbox 225 769 2194 835; baseline -0.002 -12"><span class='ocrx_word' id='word_1_69' title='bbox 225 775 378 825; x_wconf 84' lang='lat' dir='ltr'>nibus:</span> <span class='ocrx_word' id='word_1_70' title='bbox 412 773 588 830; x_wconf 80' lang='lat' dir='ltr'>Dixit„</span> <span class='ocrx_word' id='word_1_71' title='bbox 622 773 759 818; x_wconf 81' lang='lat' dir='ltr'><em>Simile</em></span> <span class='ocrx_word' id='word_1_72' title='bbox 791 769 848 831; x_wconf 70' lang='lat' dir='ltr'><em>esi</em></span> <span class='ocrx_word' id='word_1_73' title='bbox 872 770 1061 831; x_wconf 81' lang='lat' dir='ltr'><strong><em>Regnum</em></strong></span> <span class='ocrx_word' id='word_1_74' title='bbox 1086 770 1276 817; x_wconf 83' lang='lat' dir='ltr'><em>Ccelorum</em></span> <span class='ocrx_word' id='word_1_75' title='bbox 1295 774 1423 819; x_wconf 81' lang='lat' dir='ltr'><em>decem</em></span> <span class='ocrx_word' id='word_1_76' title='bbox 1443 773 1701 833; x_wconf 70' lang='lat' dir='ltr'><em>Virginibus,</em></span> <span class='ocrx_word' id='word_1_77' title='bbox 1736 789 1821 832; x_wconf 85' lang='lat' dir='ltr'><em>quae</em></span> <span class='ocrx_word' id='word_1_78' title='bbox 1840 775 2072 835; x_wconf 76' lang='lat' dir='ltr'><em>accipientes</em></span> <span class='ocrx_word' id='word_1_79' title='bbox 2093 774 2194 819; x_wconf 85' lang='lat' dir='ltr'><em>lam-</em></span> 
     </span>
     <span class='ocr_line' id='line_1_9' title="bbox 215 827 2192 902; baseline -0.001 -16"><span class='ocrx_word' id='word_1_80' title='bbox 215 836 452 902; x_wconf 83' lang='lat' dir='ltr'><em>padassuas</em></span> <span class='ocrx_word' id='word_1_81' title='bbox 477 839 685 883; x_wconf 79' lang='lat' dir='ltr'><em>exiverunt</em></span> <span class='ocrx_word' id='word_1_82' title='bbox 708 838 749 881; x_wconf 85' lang='lat' dir='ltr'><em>in</em></span> <span class='ocrx_word' id='word_1_83' title='bbox 770 833 965 897; x_wconf 71' lang='lat' dir='ltr'><em>occursum</em></span> <span class='ocrx_word' id='word_1_84' title='bbox 990 832 1158 895; x_wconf 83' lang='lat' dir='ltr'><em>Sponfi:</em></span> <span class='ocrx_word' id='word_1_85' title='bbox 1192 827 1356 897; x_wconf 67' lang='lat' dir='ltr'><em>quinque</em></span> <span class='ocrx_word' id='word_1_86' title='bbox 1379 853 1429 883; x_wconf 85' lang='lat' dir='ltr'><em>ex</em></span> <span class='ocrx_word' id='word_1_87' title='bbox 1451 838 1528 882; x_wconf 77' lang='lat' dir='ltr'><em>zllis</em></span> <span class='ocrx_word' id='word_1_88' title='bbox 1550 848 1662 882; x_wconf 77' lang='lat' dir='ltr'><em>erant</em></span> <span class='ocrx_word' id='word_1_89' title='bbox 1677 836 1912 897; x_wconf 75' lang='lat' dir='ltr'><em>prudentes,</em></span> <span class='ocrx_word' id='word_1_90' title='bbox 1947 839 2111 898; x_wconf 83' lang='lat' dir='ltr'><em>quinque</em></span> <span class='ocrx_word' id='word_1_91' title='bbox 2124 853 2192 884; x_wconf 80' lang='lat' dir='ltr'><em>ve-</em></span> 
     </span>
     <span class='ocr_line' id='line_1_10' title="bbox 223 899 2191 967; baseline -0.002 -16"><span class='ocrx_word' id='word_1_92' title='bbox 223 902 443 967; x_wconf 83' lang='lat' dir='ltr'><em>rostultae:</em></span> <span class='ocrx_word' id='word_1_93' title='bbox 479 917 564 962; x_wconf 83' lang='lat' dir='ltr'><em>quce</em></span> <span class='ocrx_word' id='word_1_94' title='bbox 585 911 699 947; x_wconf 66' lang='lat' dir='ltr'><em>erant</em></span> <span class='ocrx_word' id='word_1_95' title='bbox 721 899 855 956; x_wconf 72' lang='lat' dir='ltr'><em>siultce</em></span> <span class='ocrx_word' id='word_1_96' title='bbox 872 935 884 956; x_wconf 89' lang='lat'>‚</span> <span class='ocrx_word' id='word_1_97' title='bbox 921 900 1152 959; x_wconf 76' lang='lat' dir='ltr'><em>accipientes</em></span> <span class='ocrx_word' id='word_1_98' title='bbox 1175 899 1376 961; x_wconf 82' lang='lat' dir='ltr'><em>lampadas</em></span> <span class='ocrx_word' id='word_1_99' title='bbox 1383 899 1486 961; x_wconf 71' lang='lat' dir='ltr'><em>fisas</em></span> <span class='ocrx_word' id='word_1_100' title='bbox 1507 917 1582 945; x_wconf 78' lang='lat' dir='ltr'><em>non</em></span> <span class='ocrx_word' id='word_1_101' title='bbox 1602 911 1830 961; x_wconf 82' lang='lat' dir='ltr'><em>acceperunt</em></span> <span class='ocrx_word' id='word_1_102' title='bbox 1850 901 1972 946; x_wconf 87' lang='lat' dir='ltr'><em>oleum</em></span> <span class='ocrx_word' id='word_1_103' title='bbox 1987 934 1999 954; x_wconf 90' lang='lat'><em>,</em></span> <span class='ocrx_word' id='word_1_104' title='bbox 2024 902 2191 961; x_wconf 84' lang='lat' dir='ltr'><em>pruden-</em></span> 
     </span>
     <span class='ocr_line' id='line_1_11' title="bbox 226 961 2196 1026; baseline -0.003 -10"><span class='ocrx_word' id='word_1_105' title='bbox 226 980 289 1016; x_wconf 84' lang='lat' dir='ltr'><em>tes</em></span> <span class='ocrx_word' id='word_1_106' title='bbox 315 981 408 1015; x_wconf 84' lang='lat' dir='ltr'><em>vero</em></span> <span class='ocrx_word' id='word_1_107' title='bbox 435 977 663 1026; x_wconf 80' lang='lat' dir='ltr'><em>acceperunt</em></span> <span class='ocrx_word' id='word_1_108' title='bbox 683 965 803 1010; x_wconf 86' lang='lat' dir='ltr'><em>oleum</em></span> <span class='ocrx_word' id='word_1_109' title='bbox 829 966 869 1010; x_wconf 86' lang='lat' dir='ltr'><em>in</em></span> <span class='ocrx_word' id='word_1_110' title='bbox 890 961 1242 1024; x_wconf 71' lang='lat' dir='ltr'><em>lampadibussuis.</em></span> <span class='ocrx_word' id='word_1_111' title='bbox 1278 963 1477 1011; x_wconf 82' lang='lat' dir='ltr'><em>Tardante</em></span> <span class='ocrx_word' id='word_1_112' title='bbox 1499 980 1591 1011; x_wconf 78' lang='lat' dir='ltr'><em>vero</em></span> <span class='ocrx_word' id='word_1_113' title='bbox 1614 963 1762 1026; x_wconf 66' lang='lat' dir='ltr'><em>SPffl&#39;fi&#39;</em></span> <span class='ocrx_word' id='word_1_114' title='bbox 1782 963 2042 1010; x_wconf 77' lang='lat' dir='ltr'><em>dormiturum</em></span> <span class='ocrx_word' id='word_1_115' title='bbox 2065 980 2196 1011; x_wconf 81' lang='lat' dir='ltr'><em>omnes</em></span> 
     </span>
     <span class='ocr_line' id='line_1_12' title="bbox 226 1025 2194 1091; baseline -0.002 -14"><span class='ocrx_word' id='word_1_116' title='bbox 226 1031 283 1085; x_wconf 58' lang='grc' dir='ltr'><em>ὃ)</em></span> <span class='ocrx_word' id='word_1_117' title='bbox 315 1031 626 1077; x_wconf 78' lang='lat' dir='ltr'><em>obdormierunt:</em></span> <span class='ocrx_word' id='word_1_118' title='bbox 664 1028 792 1074; x_wconf 81' lang='lat' dir='ltr'><em>media</em></span> <span class='ocrx_word' id='word_1_119' title='bbox 820 1038 954 1074; x_wconf 86' lang='lat' dir='ltr'><em>autem</em></span> <span class='ocrx_word' id='word_1_120' title='bbox 988 1030 1095 1074; x_wconf 62' lang='lat' dir='ltr'><em>nobie</em></span> <span class='ocrx_word' id='word_1_121' title='bbox 1123 1029 1268 1074; x_wconf 86' lang='lat' dir='ltr'><em>clamor</em></span> <span class='ocrx_word' id='word_1_122' title='bbox 1282 1027 1428 1089; x_wconf 65' lang='lat' dir='ltr'><em>fabius</em></span> <span class='ocrx_word' id='word_1_123' title='bbox 1450 1028 1531 1091; x_wconf 82' lang='lat' dir='ltr'><em>cst,</em></span> <span class='ocrx_word' id='word_1_124' title='bbox 1568 1043 1653 1076; x_wconf 76' lang='lat' dir='ltr'><em>ecce</em></span> <span class='ocrx_word' id='word_1_125' title='bbox 1674 1025 1842 1090; x_wconf 76' lang='lat' dir='ltr'><em>Sponsus</em></span> <span class='ocrx_word' id='word_1_126' title='bbox 1859 1031 1996 1084; x_wconf 81' lang='lat' dir='ltr'><em>venit,</em></span> <span class='ocrx_word' id='word_1_127' title='bbox 2030 1031 2136 1074; x_wconf 82' lang='lat' dir='ltr'><em>exite</em></span> <span class='ocrx_word' id='word_1_128' title='bbox 2153 1030 2194 1074; x_wconf 83' lang='lat' dir='ltr'><em>in</em></span> 
     </span>
     <span class='ocr_line' id='line_1_13' title="bbox 229 1090 2192 1156; baseline -0.001 -14"><span class='ocrx_word' id='word_1_129' title='bbox 229 1112 340 1142; x_wconf 79' lang='lat' dir='ltr'><em>occur</em></span> <span class='ocrx_word' id='word_1_130' title='bbox 361 1110 424 1140; x_wconf 86' lang='lat' dir='ltr'><em>um</em></span> <span class='ocrx_word' id='word_1_131' title='bbox 446 1096 560 1156; x_wconf 86' lang='lat' dir='ltr'><em>ejus:</em></span> <span class='ocrx_word' id='word_1_132' title='bbox 596 1105 689 1139; x_wconf 79' lang='lat' dir='ltr'><em>tunc</em></span> <span class='ocrx_word' id='word_1_133' title='bbox 709 1090 998 1154; x_wconf 61' lang='lat' dir='ltr'><em>expergefizblae</em></span> <span class='ocrx_word' id='word_1_134' title='bbox 1019 1107 1152 1139; x_wconf 79' lang='lat' dir='ltr'><em>omnes</em></span> <span class='ocrx_word' id='word_1_135' title='bbox 1176 1091 1364 1153; x_wconf 77' lang='lat' dir='ltr'><em>Virgines</em></span> <span class='ocrx_word' id='word_1_136' title='bbox 1384 1092 1473 1155; x_wconf 79' lang='lat' dir='ltr'><em>istae</em></span> <span class='ocrx_word' id='word_1_137' title='bbox 1486 1129 1497 1150; x_wconf 93' lang='lat'><em>,</em></span> <span class='ocrx_word' id='word_1_138' title='bbox 1536 1092 1591 1147; x_wconf 60' lang='grc' dir='ltr'><em>ὅ)</em></span> <span class='ocrx_word' id='word_1_139' title='bbox 1610 1095 1848 1139; x_wconf 75' lang='lat' dir='ltr'><em>adornarunt</em></span> <span class='ocrx_word' id='word_1_140' title='bbox 1870 1093 2070 1152; x_wconf 78' lang='lat' dir='ltr'><em>lampadas</em></span> <span class='ocrx_word' id='word_1_141' title='bbox 2068 1093 2192 1152; x_wconf 87' lang='lat' dir='ltr'><em>suas:</em></span> 
     </span>
     <span class='ocr_line' id='line_1_14' title="bbox 222 1156 2192 1222; baseline -0.003 -14"><span class='ocrx_word' id='word_1_142' title='bbox 222 1159 515 1222; x_wconf 75' lang='lat' dir='ltr'><em>verumstultoe</em></span> <span class='ocrx_word' id='word_1_143' title='bbox 529 1160 785 1218; x_wconf 75' lang='lat' dir='ltr'><em>prudentibus</em></span> <span class='ocrx_word' id='word_1_144' title='bbox 804 1159 987 1203; x_wconf 64' lang='lat' dir='ltr'><em>disserunt</em></span> <span class='ocrx_word' id='word_1_145' title='bbox 1000 1191 1013 1212; x_wconf 93' lang='lat'><em>,</em></span> <span class='ocrx_word' id='word_1_146' title='bbox 1048 1157 1139 1203; x_wconf 84' lang='lat' dir='ltr'><em>date</em></span> <span class='ocrx_word' id='word_1_147' title='bbox 1160 1159 1268 1203; x_wconf 84' lang='lat' dir='ltr'><em>nohis</em></span> <span class='ocrx_word' id='word_1_148' title='bbox 1286 1160 1329 1204; x_wconf 88' lang='lat' dir='ltr'><em>de</em></span> <span class='ocrx_word' id='word_1_149' title='bbox 1351 1158 1427 1204; x_wconf 85' lang='lat' dir='ltr'><em>ole&#39;o</em></span> <span class='ocrx_word' id='word_1_150' title='bbox 1448 1156 1578 1218; x_wconf 80' lang='lat' dir='ltr'><em>‘vestro</em></span> <span class='ocrx_word' id='word_1_151' title='bbox 1591 1193 1602 1212; x_wconf 97' lang='lat'><em>,</em></span> <span class='ocrx_word' id='word_1_152' title='bbox 1640 1160 1729 1218; x_wconf 84' lang='lat' dir='ltr'><em>quia</em></span> <span class='ocrx_word' id='word_1_153' title='bbox 1752 1158 1950 1216; x_wconf 77' lang='lat' dir='ltr'><em>lampades</em></span> <span class='ocrx_word' id='word_1_154' title='bbox 1967 1156 2108 1216; x_wconf 64' lang='lat' dir='ltr'><em>nostrae</em></span> <span class='ocrx_word' id='word_1_155' title='bbox 2122 1171 2192 1202; x_wconf 85' lang='lat' dir='ltr'><em>ex-</em></span> 
     </span>
     <span class='ocr_line' id='line_1_15' title="bbox 219 1218 2192 1288; baseline -0.003 -18"><span class='ocrx_word' id='word_1_156' title='bbox 219 1224 513 1288; x_wconf 74' lang='lat' dir='ltr'><em>fiinguuntur3</em></span> <span class='ocrx_word' id='word_1_157' title='bbox 545 1237 681 1269; x_wconf 81' lang='lat' dir='ltr'><em>verum</em></span> <span class='ocrx_word' id='word_1_158' title='bbox 713 1219 983 1282; x_wconf 70' lang='lat' dir='ltr'><em>rcsponderunt</em></span> <span class='ocrx_word' id='word_1_159' title='bbox 1011 1221 1248 1282; x_wconf 76' lang='lat' dir='ltr'><em>prudentes,</em></span> <span class='ocrx_word' id='word_1_160' title='bbox 1284 1223 1478 1280; x_wconf 75' lang='lat' dir='ltr'><em>diCentes,</em></span> <span class='ocrx_word' id='word_1_161' title='bbox 1511 1238 1559 1268; x_wconf 89' lang='lat' dir='ltr'><em>ne</em></span> <span class='ocrx_word' id='word_1_162' title='bbox 1570 1220 1686 1282; x_wconf 86' lang='lat' dir='ltr'><em>fhrte</em></span> <span class='ocrx_word' id='word_1_163' title='bbox 1710 1226 1783 1267; x_wconf 78' lang='lat' dir='ltr'><em>non</em></span> <span class='ocrx_word' id='word_1_164' title='bbox 1797 1218 1982 1283; x_wconf 74' lang='lat' dir='ltr'><em>sufficiat</em></span> <span class='ocrx_word' id='word_1_165' title='bbox 2006 1222 2114 1266; x_wconf 84' lang='lat' dir='ltr'><em>nohis</em></span> <span class='ocrx_word' id='word_1_166' title='bbox 2137 1218 2192 1272; x_wconf 60' lang='grc' dir='ltr'><em>ἐξ</em></span> 
     </span>
     <span class='ocr_line' id='line_1_16' title="bbox 225 1283 2192 1349; baseline -0.002 -15"><span class='ocrx_word' id='word_1_167' title='bbox 225 1290 365 1345; x_wconf 79' lang='lat' dir='ltr'><em>vobis‚·</em></span> <span class='ocrx_word' id='word_1_168' title='bbox 400 1288 507 1334; x_wconf 85' lang='lat' dir='ltr'><em>abite</em></span> <span class='ocrx_word' id='word_1_169' title='bbox 531 1289 664 1349; x_wconf 87' lang='lat' dir='ltr'><em>potius</em></span> <span class='ocrx_word' id='word_1_170' title='bbox 691 1287 744 1332; x_wconf 87' lang='lat' dir='ltr'><em>ad</em></span> <span class='ocrx_word' id='word_1_171' title='bbox 772 1286 1008 1339; x_wconf 83' lang='lat' dir='ltr'><em>vendentes,</em></span> <span class='ocrx_word' id='word_1_172' title='bbox 1045 1283 1101 1337; x_wconf 79' lang='lat'><em>&amp;³</em></span> <span class='ocrx_word' id='word_1_173' title='bbox 1134 1287 1250 1332; x_wconf 82' lang='lat' dir='ltr'><em>emite</em></span> <span class='ocrx_word' id='word_1_174' title='bbox 1279 1289 1388 1332; x_wconf 83' lang='lat' dir='ltr'><em>vobis</em></span> <span class='ocrx_word' id='word_1_175' title='bbox 1415 1286 1522 1347; x_wconf 78' lang='lat' dir='ltr'><em>ipsts.</em></span> <span class='ocrx_word' id='word_1_176' title='bbox 1558 1289 1617 1332; x_wconf 88' lang='lat' dir='ltr'><em>At</em></span> <span class='ocrx_word' id='word_1_177' title='bbox 1639 1287 1869 1332; x_wconf 81' lang='lat' dir='ltr'><em>abeuntibus</em></span> <span class='ocrx_word' id='word_1_178' title='bbox 1891 1286 1970 1330; x_wconf 80' lang='lat' dir='ltr'><em>illis</em></span> <span class='ocrx_word' id='word_1_179' title='bbox 1990 1285 2046 1330; x_wconf 87' lang='lat' dir='ltr'><em>ad</em></span> <span class='ocrx_word' id='word_1_180' title='bbox 2059 1299 2192 1330; x_wconf 82' lang='lat' dir='ltr'><em>emen·</em></span> 
     </span>
     <span class='ocr_line' id='line_1_17' title="bbox 226 1346 2194 1412; baseline -0.002 -13"><span class='ocrx_word' id='word_1_181' title='bbox 226 1354 342 1410; x_wconf 81' lang='lat' dir='ltr'><em>dum,</em></span> <span class='ocrx_word' id='word_1_182' title='bbox 378 1354 488 1398; x_wconf 80' lang='lat' dir='ltr'><em>venit</em></span> <span class='ocrx_word' id='word_1_183' title='bbox 525 1349 725 1412; x_wconf 77' lang='lat' dir='ltr'><em>Sponsus,</em></span> <span class='ocrx_word' id='word_1_184' title='bbox 762 1347 816 1402; x_wconf 64' lang='grc' dir='ltr'><em>ὅ)</em></span> <span class='ocrx_word' id='word_1_185' title='bbox 841 1359 999 1410; x_wconf 74' lang='lat' dir='ltr'><em>parata·</em></span> <span class='ocrx_word' id='word_1_186' title='bbox 1029 1347 1318 1411; x_wconf 76' lang='lat' dir='ltr'><em>ingreffiefimt</em></span> <span class='ocrx_word' id='word_1_187' title='bbox 1339 1365 1426 1396; x_wconf 83' lang='lat' dir='ltr'><em>cum</em></span> <span class='ocrx_word' id='word_1_188' title='bbox 1445 1347 1534 1410; x_wconf 82' lang='lat' dir='ltr'><em>1pr</em></span> <span class='ocrx_word' id='word_1_189' title='bbox 1558 1351 1612 1395; x_wconf 87' lang='lat' dir='ltr'><em>ad</em></span> <span class='ocrx_word' id='word_1_190' title='bbox 1628 1352 1811 1411; x_wconf 84' lang='lat' dir='ltr'><em>nuptias,</em></span> <span class='ocrx_word' id='word_1_191' title='bbox 1847 1346 1902 1402; x_wconf 75' lang='lat'><em>&amp;⁹</em></span> <span class='ocrx_word' id='word_1_192' title='bbox 1921 1346 2060 1409; x_wconf 86' lang='lat' dir='ltr'><em>ostium</em></span> <span class='ocrx_word' id='word_1_193' title='bbox 2084 1347 2194 1395; x_wconf 78' lang='lat' dir='ltr'><em>slau-</em></span> 
     </span>
     <span class='ocr_line' id='line_1_18' title="bbox 213 1412 2192 1480; baseline -0.002 -17"><span class='ocrx_word' id='word_1_194' title='bbox 213 1416 311 1480; x_wconf 87' lang='lat' dir='ltr'><em>sum</em></span> <span class='ocrx_word' id='word_1_195' title='bbox 333 1414 406 1477; x_wconf 80' lang='lat' dir='ltr'><em>est.</em></span> <span class='ocrx_word' id='word_1_196' title='bbox 453 1414 512 1461; x_wconf 87' lang='lat' dir='ltr'><em>Et</em></span> <span class='ocrx_word' id='word_1_197' title='bbox 534 1415 691 1461; x_wconf 83' lang='lat' dir='ltr'><em>tandem</em></span> <span class='ocrx_word' id='word_1_198' title='bbox 711 1415 874 1460; x_wconf 84' lang='lat' dir='ltr'><em>veniunt</em></span> <span class='ocrx_word' id='word_1_199' title='bbox 893 1414 1014 1459; x_wconf 87' lang='lat' dir='ltr'><em>etiam</em></span> <span class='ocrx_word' id='word_1_200' title='bbox 1033 1415 1190 1474; x_wconf 82' lang='lat' dir='ltr'><em>reliquae</em></span> <span class='ocrx_word' id='word_1_201' title='bbox 1213 1414 1428 1476; x_wconf 80' lang='lat' dir='ltr'><em>Virgines,</em></span> <span class='ocrx_word' id='word_1_202' title='bbox 1444 1414 1615 1462; x_wconf 83' lang='lat' dir='ltr'><em>dicentes</em></span> <span class='ocrx_word' id='word_1_203' title='bbox 1628 1445 1647 1472; x_wconf 91' lang='lat'><em>,</em></span> <span class='ocrx_word' id='word_1_204' title='bbox 1671 1414 1867 1470; x_wconf 82' lang='lat' dir='ltr'><em>Domine,</em></span> <span class='ocrx_word' id='word_1_205' title='bbox 1885 1412 2080 1469; x_wconf 81' lang='lat' dir='ltr'><em>Domine,</em></span> <span class='ocrx_word' id='word_1_206' title='bbox 2099 1424 2192 1473; x_wconf 83' lang='lat' dir='ltr'><em>ape-</em></span> 
     </span>
     <span class='ocr_line' id='line_1_19' title="bbox 226 1475 2192 1539; baseline -0.001 -11"><span class='ocrx_word' id='word_1_207' title='bbox 226 1482 264 1529; x_wconf 82' lang='lat' dir='ltr'><em>ri</em></span> <span class='ocrx_word' id='word_1_208' title='bbox 287 1481 424 1536; x_wconf 81' lang='lat' dir='ltr'><em>nobi53</em></span> <span class='ocrx_word' id='word_1_209' title='bbox 457 1479 533 1526; x_wconf 87' lang='lat' dir='ltr'><em>Ille</em></span> <span class='ocrx_word' id='word_1_210' title='bbox 549 1493 641 1525; x_wconf 81' lang='lat' dir='ltr'><em>vero</em></span> <span class='ocrx_word' id='word_1_211' title='bbox 662 1475 889 1539; x_wconf 77' lang='lat' dir='ltr'><em>respondens</em></span> <span class='ocrx_word' id='word_1_212' title='bbox 909 1477 1038 1535; x_wconf 82' lang='lat' dir='ltr'><em>dixit,</em></span> <span class='ocrx_word' id='word_1_213' title='bbox 1076 1479 1208 1524; x_wconf 85' lang='lat' dir='ltr'><em>Amen</em></span> <span class='ocrx_word' id='word_1_214' title='bbox 1227 1478 1311 1526; x_wconf 83' lang='lat' dir='ltr'><em>dico</em></span> <span class='ocrx_word' id='word_1_215' title='bbox 1329 1478 1438 1526; x_wconf 80' lang='lat' dir='ltr'><em>vobis</em></span> <span class='ocrx_word' id='word_1_216' title='bbox 1451 1513 1468 1537; x_wconf 93' lang='lat'><em>‚</em></span> <span class='ocrx_word' id='word_1_217' title='bbox 1503 1494 1579 1526; x_wconf 90' lang='lat' dir='ltr'><em>non</em></span> <span class='ocrx_word' id='word_1_218' title='bbox 1601 1480 1694 1526; x_wconf 80' lang='lat' dir='ltr'><em>novi</em></span> <span class='ocrx_word' id='word_1_219' title='bbox 1710 1493 1820 1535; x_wconf 80' lang='lat' dir='ltr'><em>vos„</em></span> <span class='ocrx_word' id='word_1_220' title='bbox 1843 1476 2014 1525; x_wconf 78' lang='lat' dir='ltr'><em>Matth.</em></span> <span class='ocrx_word' id='word_1_221' title='bbox 2028 1476 2192 1527; x_wconf 81' lang='lat' dir='ltr'>XXV:</span> 
     </span>
     <span class='ocr_line' id='line_1_20' title="bbox 228 1541 2193 1608; baseline -0.003 -14"><span class='ocrx_word' id='word_1_222' title='bbox 228 1562 253 1595; x_wconf 92' lang='lat'>1</span> <span class='ocrx_word' id='word_1_223' title='bbox 280 1544 336 1592; x_wconf 88' lang='lat' dir='ltr'><em>ad</em></span> <span class='ocrx_word' id='word_1_224' title='bbox 365 1560 435 1593; x_wconf 85' lang='lat'><em>12.</em></span> <span class='ocrx_word' id='word_1_225' title='bbox 470 1542 606 1608; x_wconf 87' lang='lat' dir='ltr'><em>Quod</em></span> <span class='ocrx_word' id='word_1_226' title='bbox 632 1544 676 1591; x_wconf 92' lang='lat' dir='ltr'><em>in</em></span> <span class='ocrx_word' id='word_1_227' title='bbox 696 1541 868 1606; x_wconf 78' lang='lat' dir='ltr'><em>singulis</em></span> <span class='ocrx_word' id='word_1_228' title='bbox 886 1541 953 1590; x_wconf 90' lang='lat' dir='ltr'><em>his</em></span> <span class='ocrx_word' id='word_1_229' title='bbox 976 1541 1026 1590; x_wconf 81' lang='lat' dir='ltr'><em>fit</em></span> <span class='ocrx_word' id='word_1_230' title='bbox 1041 1541 1197 1591; x_wconf 87' lang='lat' dir='ltr'><em>Sensus</em></span> <span class='ocrx_word' id='word_1_231' title='bbox 1220 1543 1488 1604; x_wconf 79' lang='lat' dir='ltr'><em>spiritualis,</em></span> <span class='ocrx_word' id='word_1_232' title='bbox 1522 1542 1572 1592; x_wconf 72' lang='grc' dir='ltr'><strong>ἃ</strong></span> <span class='ocrx_word' id='word_1_233' title='bbox 1595 1542 1700 1591; x_wconf 87' lang='lat' dir='ltr'><em>inde</em></span> <span class='ocrx_word' id='word_1_234' title='bbox 1726 1542 1935 1590; x_wconf 61' lang='lat' dir='ltr'><em>Sanctum</em></span> <span class='ocrx_word' id='word_1_235' title='bbox 1949 1541 2193 1601; x_wconf 84' lang='lat' dir='ltr'><em>Divinum,</em></span> 
     </span>
     <span class='ocr_line' id='line_1_21' title="bbox 223 1605 2194 1671; baseline -0.003 -12"><span class='ocrx_word' id='word_1_236' title='bbox 223 1622 314 1659; x_wconf 82' lang='lat' dir='ltr'><em>non</em></span> <span class='ocrx_word' id='word_1_237' title='bbox 334 1610 456 1658; x_wconf 90' lang='lat' dir='ltr'><em>videt</em></span> <span class='ocrx_word' id='word_1_238' title='bbox 482 1608 559 1656; x_wconf 81' lang='lat' dir='ltr'><em>nisi</em></span> <span class='ocrx_word' id='word_1_239' title='bbox 580 1608 655 1671; x_wconf 89' lang='lat' dir='ltr'><em>qui</em></span> <span class='ocrx_word' id='word_1_240' title='bbox 675 1607 783 1663; x_wconf 86' lang='lat' dir='ltr'><em>scit,</em></span> <span class='ocrx_word' id='word_1_241' title='bbox 821 1607 939 1671; x_wconf 87' lang='lat' dir='ltr'><em>quod</em></span> <span class='ocrx_word' id='word_1_242' title='bbox 964 1607 1119 1656; x_wconf 78' lang='lat' dir='ltr'><em>Sensus</em></span> <span class='ocrx_word' id='word_1_243' title='bbox 1140 1608 1384 1670; x_wconf 79' lang='lat' dir='ltr'><em>Spiritualis</em></span> <span class='ocrx_word' id='word_1_244' title='bbox 1404 1608 1454 1655; x_wconf 84' lang='lat' dir='ltr'><em>fit</em></span> <span class='ocrx_word' id='word_1_245' title='bbox 1470 1644 1482 1663; x_wconf 91' lang='lat'><em>,</em></span> <span class='ocrx_word' id='word_1_246' title='bbox 1518 1606 1568 1655; x_wconf 76' lang='grc' dir='ltr'><em>δι</em></span> <span class='ocrx_word' id='word_1_247' title='bbox 1590 1609 1726 1669; x_wconf 79' lang='lat' dir='ltr'><em>qualis</em></span> <span class='ocrx_word' id='word_1_248' title='bbox 1746 1608 1843 1654; x_wconf 86' lang='lat' dir='ltr'><em>ille:</em></span> <span class='ocrx_word' id='word_1_249' title='bbox 1873 1607 1919 1653; x_wconf 92' lang='lat' dir='ltr'><em>in</em></span> <span class='ocrx_word' id='word_1_250' title='bbox 1941 1605 2080 1652; x_wconf 76' lang='lat' dir='ltr'><em>Sensu&#39;</em></span> <span class='ocrx_word' id='word_1_251' title='bbox 2095 1607 2194 1668; x_wconf 86' lang='lat' dir='ltr'><em>Spi-</em></span> 
     </span>
     <span class='ocr_line' id='line_1_22' title="bbox 229 1669 2195 1738; baseline -0.002 -15"><span class='ocrx_word' id='word_1_252' title='bbox 229 1675 377 1723; x_wconf 85' lang='lat' dir='ltr'><em>rituali</em></span> <span class='ocrx_word' id='word_1_253' title='bbox 412 1690 490 1737; x_wconf 90' lang='lat' dir='ltr'><em>per</em></span> <span class='ocrx_word' id='word_1_254' title='bbox 512 1675 723 1738; x_wconf 82' lang='lat' dir='ltr'><em>Regnum</em></span> <span class='ocrx_word' id='word_1_255' title='bbox 748 1674 864 1730; x_wconf 91' lang='lat' dir='ltr'><em>Dei,</em></span> <span class='ocrx_word' id='word_1_256' title='bbox 898 1672 1154 1734; x_wconf 29' lang='lat' dir='ltr'><em>intelligitur</em></span> <span class='ocrx_word' id='word_1_257' title='bbox 1185 1675 1349 1721; x_wconf 83' lang='lat' dir='ltr'><em>Caelum</em></span> <span class='ocrx_word' id='word_1_258' title='bbox 1368 1671 1416 1719; x_wconf 74' lang='grc' dir='ltr'><em>δι</em></span> <span class='ocrx_word' id='word_1_259' title='bbox 1439 1671 1662 1727; x_wconf 80' lang='lat' dir='ltr'><em>Ecclefia,</em></span> <span class='ocrx_word' id='word_1_260' title='bbox 1700 1685 1778 1732; x_wconf 87' lang='lat' dir='ltr'><em>per</em></span> <span class='ocrx_word' id='word_1_261' title='bbox 1798 1669 2013 1731; x_wconf 85' lang='lat' dir='ltr'><em>Sponsum</em></span> <span class='ocrx_word' id='word_1_262' title='bbox 2039 1671 2195 1719; x_wconf 82' lang='lat' dir='ltr'><em>Domi-</em></span> 
     </span>
     <span class='ocr_line' id='line_1_23' title="bbox 226 1735 2200 1802; baseline -0.003 -11.233"><span class='ocrx_word' id='word_1_263' title='bbox 226 1755 306 1787; x_wconf 86' lang='lat' dir='ltr'><em>nus</em></span> <span class='ocrx_word' id='word_1_264' title='bbox 322 1776 333 1791; x_wconf 86' lang='lat'><em>,</em></span> <span class='ocrx_word' id='word_1_265' title='bbox 370 1755 449 1802; x_wconf 88' lang='lat' dir='ltr'><em>per</em></span> <span class='ocrx_word' id='word_1_266' title='bbox 483 1739 677 1800; x_wconf 84' lang='lat' dir='ltr'><em>Nuptias</em></span> <span class='ocrx_word' id='word_1_267' title='bbox 707 1737 963 1799; x_wconf 87' lang='lat' dir='ltr'><em>conjugium</em></span> <span class='ocrx_word' id='word_1_268' title='bbox 992 1736 1176 1782; x_wconf 79' lang='lat' dir='ltr'><em>Domini</em></span> <span class='ocrx_word' id='word_1_269' title='bbox 1195 1751 1298 1783; x_wconf 90' lang='lat' dir='ltr'><em>cum</em></span> <span class='ocrx_word' id='word_1_270' title='bbox 1318 1737 1437 1782; x_wconf 82' lang='lat' dir='ltr'><em>Caelo</em></span> <span class='ocrx_word' id='word_1_271' title='bbox 1459 1736 1507 1783; x_wconf 83' lang='lat'>&amp;</span> <span class='ocrx_word' id='word_1_272' title='bbox 1534 1735 1734 1783; x_wconf 77' lang='lat' dir='ltr'><em>Ecclesia</em></span> <span class='ocrx_word' id='word_1_273' title='bbox 1752 1751 1829 1798; x_wconf 90' lang='lat' dir='ltr'><em>per</em></span> <span class='ocrx_word' id='word_1_274' title='bbox 1852 1737 2014 1782; x_wconf 84' lang='lat' dir='ltr'><em>bonum</em></span> <span class='ocrx_word' id='word_1_275' title='bbox 2034 1737 2200 1784; x_wconf 82' lang='lat' dir='ltr'><em>amoris</em></span> 
     </span>
     <span class='ocr_line' id='line_1_24' title="bbox 225 1798 2196 1864; baseline -0.001 -13.099"><span class='ocrx_word' id='word_1_276' title='bbox 225 1804 276 1852; x_wconf 74' lang='lat' dir='ltr'><em>(St</em></span> <span class='ocrx_word' id='word_1_277' title='bbox 298 1805 434 1861; x_wconf 87' lang='lat' dir='ltr'><em>fidei;</em></span> <span class='ocrx_word' id='word_1_278' title='bbox 466 1818 544 1864; x_wconf 85' lang='lat' dir='ltr'><em>per</em></span> <span class='ocrx_word' id='word_1_279' title='bbox 567 1802 777 1863; x_wconf 83' lang='lat' dir='ltr'><em>Virgines</em></span> <span class='ocrx_word' id='word_1_280' title='bbox 798 1800 1092 1862; x_wconf 78' lang='lat' dir='ltr'><em>fignificantur</em></span> <span class='ocrx_word' id='word_1_281' title='bbox 1115 1799 1174 1847; x_wconf 84' lang='lat' dir='ltr'><em>illi</em></span> <span class='ocrx_word' id='word_1_282' title='bbox 1194 1800 1269 1861; x_wconf 91' lang='lat' dir='ltr'><em>qui</em></span> <span class='ocrx_word' id='word_1_283' title='bbox 1295 1801 1350 1846; x_wconf 84' lang='lat' dir='ltr'><em>ab</em></span> <span class='ocrx_word' id='word_1_284' title='bbox 1372 1798 1567 1860; x_wconf 74' lang='lat' dir='ltr'><em>Ecclesia</em></span> <span class='ocrx_word' id='word_1_285' title='bbox 1587 1801 1707 1858; x_wconf 87' lang='lat' dir='ltr'><em>sunt,</em></span> <span class='ocrx_word' id='word_1_286' title='bbox 1741 1815 1817 1861; x_wconf 88' lang='lat' dir='ltr'><em>per</em></span> <span class='ocrx_word' id='word_1_287' title='bbox 1840 1798 1998 1847; x_wconf 82' lang='lat' dir='ltr'><em>decem</em></span> <span class='ocrx_word' id='word_1_288' title='bbox 2010 1814 2196 1858; x_wconf 77' lang='lat' dir='ltr'><em>omnes,</em></span> 
     </span>
     <span class='ocr_line' id='line_1_25' title="bbox 226 1864 2195 1930; baseline -0.002 -15.13"><span class='ocrx_word' id='word_1_289' title='bbox 226 1884 306 1930; x_wconf 88' lang='lat' dir='ltr'><em>per</em></span> <span class='ocrx_word' id='word_1_290' title='bbox 343 1869 532 1930; x_wconf 87' lang='lat' dir='ltr'><em>quinque</em></span> <span class='ocrx_word' id='word_1_291' title='bbox 565 1867 744 1927; x_wconf 88' lang='lat' dir='ltr'><em>aliquae,</em></span> <span class='ocrx_word' id='word_1_292' title='bbox 779 1880 858 1925; x_wconf 90' lang='lat' dir='ltr'><em>per</em></span> <span class='ocrx_word' id='word_1_293' title='bbox 885 1864 1111 1925; x_wconf 77' lang='lat' dir='ltr'><em>lampades</em></span> <span class='ocrx_word' id='word_1_294' title='bbox 1143 1879 1247 1911; x_wconf 77' lang='lat' dir='ltr'><em>vera</em></span> <span class='ocrx_word' id='word_1_295' title='bbox 1270 1864 1399 1920; x_wconf 68' lang='lat' dir='ltr'><em>fidei,</em></span> <span class='ocrx_word' id='word_1_296' title='bbox 1435 1880 1512 1925; x_wconf 83' lang='lat' dir='ltr'><em>per</em></span> <span class='ocrx_word' id='word_1_297' title='bbox 1535 1866 1681 1913; x_wconf 89' lang='lat' dir='ltr'><em>oleum</em></span> <span class='ocrx_word' id='word_1_298' title='bbox 1709 1866 1872 1914; x_wconf 89' lang='lat' dir='ltr'><em>bonum</em></span> <span class='ocrx_word' id='word_1_299' title='bbox 1894 1865 2076 1918; x_wconf 82' lang='lat' dir='ltr'><em>amoris,</em></span> <span class='ocrx_word' id='word_1_300' title='bbox 2115 1879 2195 1926; x_wconf 83' lang='lat' dir='ltr'><em>per</em></span> 
     </span>
     <span class='ocr_line' id='line_1_26' title="bbox 164 1928 2194 1994; baseline -0.001 -15"><span class='ocrx_word' id='word_1_301' title='bbox 164 1954 172 1994; x_wconf 41' lang='grc' dir='ltr'><em>’ἰ</em></span> <span class='ocrx_word' id='word_1_302' title='bbox 229 1932 482 1982; x_wconf 77' lang='lat' dir='ltr'><em>dormire&amp;</em></span> <span class='ocrx_word' id='word_1_303' title='bbox 496 1928 739 1991; x_wconf 82' lang='lat' dir='ltr'><em>expergisci</em></span> <span class='ocrx_word' id='word_1_304' title='bbox 758 1929 851 1976; x_wconf 88' lang='lat' dir='ltr'><em>vita</em></span> <span class='ocrx_word' id='word_1_305' title='bbox 868 1928 1057 1975; x_wconf 78' lang='lat' dir='ltr'><em>homInis</em></span> <span class='ocrx_word' id='word_1_306' title='bbox 1077 1928 1121 1976; x_wconf 89' lang='lat' dir='ltr'><em>in</em></span> <span class='ocrx_word' id='word_1_307' title='bbox 1144 1928 1318 1976; x_wconf 85' lang='lat' dir='ltr'><em>mundo</em></span> <span class='ocrx_word' id='word_1_308' title='bbox 1330 1944 1428 1991; x_wconf 84' lang='lat' dir='ltr'><em>quae</em></span> <span class='ocrx_word' id='word_1_309' title='bbox 1445 1932 1646 1978; x_wconf 78' lang='lat' dir='ltr'><em>naturalis</em></span> <span class='ocrx_word' id='word_1_310' title='bbox 1667 1930 1714 1978; x_wconf 71' lang='lat' dir='ltr'><em>&lt;Sc</em></span> <span class='ocrx_word' id='word_1_311' title='bbox 1736 1931 1826 1977; x_wconf 91' lang='lat' dir='ltr'><em>vita</em></span> <span class='ocrx_word' id='word_1_312' title='bbox 1847 1930 1939 1991; x_wconf 84' lang='lat' dir='ltr'><em>ejus</em></span> <span class='ocrx_word' id='word_1_313' title='bbox 1965 1928 2060 1991; x_wconf 87' lang='lat' dir='ltr'><em>post</em></span> <span class='ocrx_word' id='word_1_314' title='bbox 2076 1945 2194 1976; x_wconf 89' lang='lat' dir='ltr'><em>mor-</em></span> 
     </span>
     <span class='ocr_line' id='line_1_27' title="bbox 168 1994 2194 2057; baseline -0.002 -13"><span class='ocrx_word' id='word_1_315' title='bbox 168 1995 175 2019; x_wconf 69' lang='lat'><em>²²</em></span> <span class='ocrx_word' id='word_1_316' title='bbox 227 2010 321 2044; x_wconf 87' lang='lat' dir='ltr'><em>tem</em></span> <span class='ocrx_word' id='word_1_317' title='bbox 343 2011 438 2057; x_wconf 82' lang='lat' dir='ltr'><em>quae</em></span> <span class='ocrx_word' id='word_1_318' title='bbox 460 1994 710 2056; x_wconf 87' lang='lat' dir='ltr'><em>spiritualis;</em></span> <span class='ocrx_word' id='word_1_319' title='bbox 745 2009 823 2055; x_wconf 89' lang='lat' dir='ltr'><em>per</em></span> <span class='ocrx_word' id='word_1_320' title='bbox 843 2009 1018 2051; x_wconf 88' lang='lat' dir='ltr'><em>emere,</em></span> <span class='ocrx_word' id='word_1_321' title='bbox 1052 2008 1312 2054; x_wconf 85' lang='lat' dir='ltr'><em>comparare</em></span> <span class='ocrx_word' id='word_1_322' title='bbox 1335 1995 1439 2051; x_wconf 75' lang='lat' dir='ltr'><em>sibi3</em></span> <span class='ocrx_word' id='word_1_323' title='bbox 1474 2011 1551 2056; x_wconf 85' lang='lat' dir='ltr'><em>per</em></span> <span class='ocrx_word' id='word_1_324' title='bbox 1571 1995 1634 2042; x_wconf 90' lang='lat' dir='ltr'><em>ire</em></span> <span class='ocrx_word' id='word_1_325' title='bbox 1657 1995 1716 2042; x_wconf 85' lang='lat' dir='ltr'><em>ad</em></span> <span class='ocrx_word' id='word_1_326' title='bbox 1739 1995 1979 2041; x_wconf 84' lang='lat' dir='ltr'><em>vendentes</em></span> <span class='ocrx_word' id='word_1_327' title='bbox 1999 1994 2046 2040; x_wconf 70' lang='grc' dir='ltr'><em>δι</em></span> <span class='ocrx_word' id='word_1_328' title='bbox 2069 2008 2194 2040; x_wconf 84' lang='lat' dir='ltr'><em>eme-</em></span> 
     </span>
     <span class='ocr_line' id='line_1_28' title="bbox 228 2057 2195 2120; baseline -0.001 -11.086"><span class='ocrx_word' id='word_1_329' title='bbox 228 2077 277 2108; x_wconf 77' lang='lat' dir='ltr'><em>re</em></span> <span class='ocrx_word' id='word_1_330' title='bbox 298 2062 448 2108; x_wconf 83' lang='lat' dir='ltr'><em>oleum</em></span> <span class='ocrx_word' id='word_1_331' title='bbox 462 2096 478 2117; x_wconf 88' lang='lat'><em>,</em></span> <span class='ocrx_word' id='word_1_332' title='bbox 509 2073 769 2120; x_wconf 86' lang='lat' dir='ltr'><em>comparare</em></span> <span class='ocrx_word' id='word_1_333' title='bbox 792 2057 868 2106; x_wconf 85' lang='lat' dir='ltr'><em>fibi</em></span> <span class='ocrx_word' id='word_1_334' title='bbox 888 2060 1053 2106; x_wconf 88' lang='lat' dir='ltr'><em>bonum</em></span> <span class='ocrx_word' id='word_1_335' title='bbox 1077 2060 1238 2106; x_wconf 86' lang='lat' dir='ltr'><em>amoris</em></span> <span class='ocrx_word' id='word_1_336' title='bbox 1258 2060 1315 2106; x_wconf 87' lang='lat' dir='ltr'><em>ab</em></span> <span class='ocrx_word' id='word_1_337' title='bbox 1337 2059 1426 2106; x_wconf 69' lang='lat' dir='ltr'><em>aliis</em></span> <span class='ocrx_word' id='word_1_338' title='bbox 1447 2057 1544 2120; x_wconf 88' lang='lat' dir='ltr'><em>post</em></span> <span class='ocrx_word' id='word_1_339' title='bbox 1563 2073 1753 2107; x_wconf 85' lang='lat' dir='ltr'><em>mortem</em></span> <span class='ocrx_word' id='word_1_340' title='bbox 1769 2075 1783 2115; x_wconf 74' lang='grc' dir='ltr'><strong>ς</strong></span> <span class='ocrx_word' id='word_1_341' title='bbox 1798 2057 1845 2105; x_wconf 71' lang='grc' dir='ltr'>ἃ</span> <span class='ocrx_word' id='word_1_342' title='bbox 1867 2059 1965 2119; x_wconf 80' lang='lat' dir='ltr'><em>quia</em></span> <span class='ocrx_word' id='word_1_343' title='bbox 1986 2069 2090 2104; x_wconf 89' lang='lat' dir='ltr'><em>tunc</em></span> <span class='ocrx_word' id='word_1_344' title='bbox 2103 2072 2195 2106; x_wconf 85' lang='lat' dir='ltr'><em>non</em></span> 
     </span>
     <span class='ocr_line' id='line_1_29' title="bbox 227 2120 2194 2187; baseline -0.002 -13"><span class='ocrx_word' id='word_1_345' title='bbox 227 2125 413 2187; x_wconf 83' lang='lat' dir='ltr'><em>amplius</em></span> <span class='ocrx_word' id='word_1_346' title='bbox 442 2136 750 2185; x_wconf 85' lang='lat' dir='ltr'><em>comparatur,</em></span> <span class='ocrx_word' id='word_1_347' title='bbox 787 2122 896 2170; x_wconf 91' lang='lat' dir='ltr'><em>ideo</em></span> <span class='ocrx_word' id='word_1_348' title='bbox 921 2121 1095 2170; x_wconf 82' lang='lat' dir='ltr'><em>tametsi</em></span> <span class='ocrx_word' id='word_1_349' title='bbox 1125 2138 1229 2171; x_wconf 85' lang='lat' dir='ltr'><em>cum</em></span> <span class='ocrx_word' id='word_1_350' title='bbox 1255 2123 1529 2184; x_wconf 80' lang='lat' dir='ltr'><em>lampadibus</em></span> <span class='ocrx_word' id='word_1_351' title='bbox 1562 2124 1610 2172; x_wconf 75' lang='grc' dir='ltr'><strong>ἃ</strong></span> <span class='ocrx_word' id='word_1_352' title='bbox 1634 2137 1786 2186; x_wconf 89' lang='lat' dir='ltr'><em>empto</em></span> <span class='ocrx_word' id='word_1_353' title='bbox 1806 2123 1909 2170; x_wconf 91' lang='lat' dir='ltr'><em>oleo</em></span> <span class='ocrx_word' id='word_1_354' title='bbox 1931 2123 1987 2170; x_wconf 90' lang='lat' dir='ltr'><em>ad</em></span> <span class='ocrx_word' id='word_1_355' title='bbox 2008 2120 2194 2182; x_wconf 86' lang='lat' dir='ltr'><em>ostium,</em></span> 
     </span>
     <span class='ocr_line' id='line_1_30' title="bbox 182 2186 2195 2251; baseline -0 -13"><span class='ocrx_word' id='word_1_356' title='bbox 182 2212 183 2215; x_wconf 41' lang='lat'>¹</span> <span class='ocrx_word' id='word_1_357' title='bbox 226 2191 301 2238; x_wconf 91' lang='lat' dir='ltr'><em>ubi</em></span> <span class='ocrx_word' id='word_1_358' title='bbox 333 2189 501 2251; x_wconf 87' lang='lat' dir='ltr'><em>nuptiae</em></span> <span class='ocrx_word' id='word_1_359' title='bbox 528 2199 677 2245; x_wconf 87' lang='lat' dir='ltr'><em>erant,</em></span> <span class='ocrx_word' id='word_1_360' title='bbox 710 2199 953 2245; x_wconf 81' lang='lat' dir='ltr'><em>venerunt,</em></span> <span class='ocrx_word' id='word_1_361' title='bbox 988 2186 1124 2250; x_wconf 83' lang='lat' dir='ltr'><em>usqne</em></span> <span class='ocrx_word' id='word_1_362' title='bbox 1158 2188 1239 2235; x_wconf 83' lang='lat' dir='ltr'><em>illis</em></span> <span class='ocrx_word' id='word_1_363' title='bbox 1272 2187 1440 2236; x_wconf 63' lang='lat' dir='ltr'><em>dicium</em></span> <span class='ocrx_word' id='word_1_364' title='bbox 1470 2187 1535 2236; x_wconf 87' lang='lat' dir='ltr'><em>est</em></span> <span class='ocrx_word' id='word_1_365' title='bbox 1566 2205 1592 2236; x_wconf 90' lang='lat' dir='ltr'><em>a</em></span> <span class='ocrx_word' id='word_1_366' title='bbox 1619 2188 1818 2251; x_wconf 88' lang='lat' dir='ltr'><em>Spons0,</em></span> <span class='ocrx_word' id='word_1_367' title='bbox 1853 2203 1942 2235; x_wconf 90' lang='lat' dir='ltr'><em>non</em></span> <span class='ocrx_word' id='word_1_368' title='bbox 1958 2190 2063 2235; x_wconf 88' lang='lat' dir='ltr'><em>novi</em></span> <span class='ocrx_word' id='word_1_369' title='bbox 2086 2202 2195 2237; x_wconf 88' lang='lat' dir='ltr'><em>vos:</em></span> 
     </span>
     <span class='ocr_line' id='line_1_31' title="bbox 183 2250 2198 2316; baseline -0.001 -12"><span class='ocrx_word' id='word_1_370' title='bbox 183 2294 186 2304; x_wconf 79' lang='grc'>.</span> <span class='ocrx_word' id='word_1_371' title='bbox 225 2253 360 2304; x_wconf 86' lang='lat' dir='ltr'><em>causa</em></span> <span class='ocrx_word' id='word_1_372' title='bbox 383 2252 476 2313; x_wconf 89' lang='lat' dir='ltr'><em>est,</em></span> <span class='ocrx_word' id='word_1_373' title='bbox 506 2252 608 2316; x_wconf 87' lang='lat' dir='ltr'><em>quia</em></span> <span class='ocrx_word' id='word_1_374' title='bbox 628 2252 772 2300; x_wconf 83' lang='lat' dir='ltr'><em>homo</em></span> <span class='ocrx_word' id='word_1_375' title='bbox 787 2250 887 2315; x_wconf 88' lang='lat' dir='ltr'><em>post</em></span> <span class='ocrx_word' id='word_1_376' title='bbox 909 2251 1051 2300; x_wconf 88' lang='lat' dir='ltr'><em>vitam</em></span> <span class='ocrx_word' id='word_1_377' title='bbox 1072 2251 1119 2299; x_wconf 92' lang='lat' dir='ltr'><em>in</em></span> <span class='ocrx_word' id='word_1_378' title='bbox 1141 2252 1310 2301; x_wconf 85' lang='lat' dir='ltr'><em>mundo</em></span> <span class='ocrx_word' id='word_1_379' title='bbox 1331 2264 1482 2300; x_wconf 87' lang='lat' dir='ltr'><em>manet</em></span> <span class='ocrx_word' id='word_1_380' title='bbox 1502 2253 1638 2315; x_wconf 86' lang='lat' dir='ltr'><em>qualis</em></span> <span class='ocrx_word' id='word_1_381' title='bbox 1659 2254 1703 2301; x_wconf 92' lang='lat' dir='ltr'><em>in</em></span> <span class='ocrx_word' id='word_1_382' title='bbox 1723 2253 1890 2301; x_wconf 87' lang='lat' dir='ltr'><em>mundo</em></span> <span class='ocrx_word' id='word_1_383' title='bbox 1910 2252 2098 2301; x_wconf 80' lang='lat' dir='ltr'><em>vixerat.</em></span> <span class='ocrx_word' id='word_1_384' title='bbox 2126 2252 2198 2302; x_wconf 81' lang='lat' dir='ltr'><em>Ex</em></span> 
     </span>
     <span class='ocr_line' id='line_1_32' title="bbox 184 2315 2198 2382; baseline -0.001 -13"><span class='ocrx_word' id='word_1_385' title='bbox 184 2324 189 2361; x_wconf 74' lang='grc' dir='ltr'>Ξ</span> <span class='ocrx_word' id='word_1_386' title='bbox 227 2319 295 2369; x_wconf 87' lang='lat' dir='ltr'><em>his</em></span> <span class='ocrx_word' id='word_1_387' title='bbox 359 2331 452 2367; x_wconf 87' lang='lat' dir='ltr'><em>atet</em></span> <span class='ocrx_word' id='word_1_388' title='bbox 482 2317 609 2382; x_wconf 70' lang='lat' dir='ltr'><em>,quod</em></span> <span class='ocrx_word' id='word_1_389' title='bbox 641 2317 862 2365; x_wconf 88' lang='lat' dir='ltr'><em>Dominus</em></span> <span class='ocrx_word' id='word_1_390' title='bbox 891 2331 972 2379; x_wconf 86' lang='lat' dir='ltr'><em>per</em></span> <span class='ocrx_word' id='word_1_391' title='bbox 991 2331 1134 2365; x_wconf 86' lang='lat' dir='ltr'><em>meras</em></span> <span class='ocrx_word' id='word_1_392' title='bbox 1153 2316 1563 2381; x_wconf 85' lang='lat' dir='ltr'><em>correspondentias</em></span> <span class='ocrx_word' id='word_1_393' title='bbox 1586 2319 1785 2381; x_wconf 85' lang='lat' dir='ltr'><em>loquutus</em></span> <span class='ocrx_word' id='word_1_394' title='bbox 1806 2316 1887 2376; x_wconf 76' lang='lat' dir='ltr'><em>stt,</em></span> <span class='ocrx_word' id='word_1_395' title='bbox 1924 2315 1973 2365; x_wconf 76' lang='grc' dir='ltr'>ἃ</span> <span class='ocrx_word' id='word_1_396' title='bbox 1990 2315 2077 2365; x_wconf 77' lang='lat' dir='ltr'><em>h‘oc</em></span> <span class='ocrx_word' id='word_1_397' title='bbox 2096 2318 2198 2380; x_wconf 87' lang='lat' dir='ltr'><em>quia</em></span> 
     </span>
     <span class='ocr_line' id='line_1_33' title="bbox 227 2380 2200 2448; baseline -0.001 -15"><span class='ocrx_word' id='word_1_398' title='bbox 227 2400 286 2433; x_wconf 86' lang='lat' dir='ltr'><em>ex</em></span> <span class='ocrx_word' id='word_1_399' title='bbox 308 2405 312 2408; x_wconf 57' lang='grc'><em>’</em></span> <span class='ocrx_word' id='word_1_400' title='bbox 364 2385 488 2434; x_wconf 88' lang='lat' dir='ltr'><em>ivino</em></span> <span class='ocrx_word' id='word_1_401' title='bbox 501 2420 515 2442; x_wconf 93' lang='lat'>‚</span> <span class='ocrx_word' id='word_1_402' title='bbox 550 2382 670 2447; x_wconf 90' lang='lat' dir='ltr'><em>quod</em></span> <span class='ocrx_word' id='word_1_403' title='bbox 701 2383 749 2432; x_wconf 90' lang='lat' dir='ltr'><em>in</em></span> <span class='ocrx_word' id='word_1_404' title='bbox 782 2381 884 2444; x_wconf 89' lang='lat' dir='ltr'><em>Ipso</em></span> <span class='ocrx_word' id='word_1_405' title='bbox 905 2380 956 2430; x_wconf 67' lang='grc' dir='ltr'><strong>ἃ</strong></span> <span class='ocrx_word' id='word_1_406' title='bbox 975 2380 1114 2445; x_wconf 73' lang='lat' dir='ltr'><em>Ipsius</em></span> <span class='ocrx_word' id='word_1_407' title='bbox 1136 2394 1244 2431; x_wconf 89' lang='lat' dir='ltr'><em>erat.</em></span> <span class='ocrx_word' id='word_1_408' title='bbox 1277 2381 1415 2448; x_wconf 90' lang='lat' dir='ltr'><em>Quod</em></span> <span class='ocrx_word' id='word_1_409' title='bbox 1434 2382 1624 2445; x_wconf 84' lang='lat' dir='ltr'><em>Sponsus</em></span> <span class='ocrx_word' id='word_1_410' title='bbox 1643 2382 1858 2447; x_wconf 76' lang='lat' dir='ltr'><em>significet</em></span> <span class='ocrx_word' id='word_1_411' title='bbox 1878 2382 2126 2431; x_wconf 84' lang='lat' dir='ltr'><em>Dominum</em></span> <span class='ocrx_word' id='word_1_412' title='bbox 2147 2380 2200 2432; x_wconf 75' lang='grc' dir='ltr'><em>δε</em></span> 
     </span>
     <span class='ocr_line' id='line_1_34' title="bbox 224 2444 2204 2513; baseline -0.001 -15"><span class='ocrx_word' id='word_1_413' title='bbox 224 2450 442 2513; x_wconf 84' lang='lat' dir='ltr'><em>Regnum</em></span> <span class='ocrx_word' id='word_1_414' title='bbox 473 2449 680 2497; x_wconf 86' lang='lat' dir='ltr'><em>caelorum</em></span> <span class='ocrx_word' id='word_1_415' title='bbox 708 2446 983 2505; x_wconf 70' lang='lat' dir='ltr'><em>Ecclesiam,</em></span> <span class='ocrx_word' id='word_1_416' title='bbox 1018 2444 1070 2495; x_wconf 86' lang='lat'>&amp;</span> <span class='ocrx_word' id='word_1_417' title='bbox 1100 2447 1222 2510; x_wconf 89' lang='lat' dir='ltr'><em>quod</em></span> <span class='ocrx_word' id='word_1_418' title='bbox 1251 2447 1441 2511; x_wconf 85' lang='lat' dir='ltr'><em>Nuptiae</em></span> <span class='ocrx_word' id='word_1_419' title='bbox 1462 2446 1713 2510; x_wconf 72' lang='lat' dir='ltr'><em>significent</em></span> <span class='ocrx_word' id='word_1_420' title='bbox 1734 2447 1991 2511; x_wconf 76' lang='lat' dir='ltr'><em>conjugium</em></span> <span class='ocrx_word' id='word_1_421' title='bbox 2016 2446 2204 2496; x_wconf 80' lang='lat' dir='ltr'><em>Domini</em></span> 
     </span>
     <span class='ocr_line' id='line_1_35' title="bbox 225 2510 2200 2577; baseline -0.002 -13"><span class='ocrx_word' id='word_1_422' title='bbox 225 2530 332 2564; x_wconf 88' lang='lat' dir='ltr'><em>cum</em></span> <span class='ocrx_word' id='word_1_423' title='bbox 350 2513 548 2564; x_wconf 77' lang='lat' dir='ltr'><em>Ecclesia</em></span> <span class='ocrx_word' id='word_1_424' title='bbox 568 2529 648 2577; x_wconf 87' lang='lat' dir='ltr'><em>per</em></span> <span class='ocrx_word' id='word_1_425' title='bbox 667 2514 834 2562; x_wconf 91' lang='lat' dir='ltr'><em>bonum</em></span> <span class='ocrx_word' id='word_1_426' title='bbox 857 2511 1018 2562; x_wconf 84' lang='lat' dir='ltr'><em>amoris</em></span> <span class='ocrx_word' id='word_1_427' title='bbox 1034 2510 1084 2560; x_wconf 72' lang='grc' dir='ltr'>ἃ</span> <span class='ocrx_word' id='word_1_428' title='bbox 1105 2512 1239 2572; x_wconf 85' lang='lat' dir='ltr'><em>fidei,</em></span> <span class='ocrx_word' id='word_1_429' title='bbox 1273 2513 1485 2576; x_wconf 85' lang='lat' dir='ltr'><em>Virgines</em></span> <span class='ocrx_word' id='word_1_430' title='bbox 1502 2513 1597 2561; x_wconf 86' lang='lat' dir='ltr'><em>illos</em></span> <span class='ocrx_word' id='word_1_431' title='bbox 1617 2514 1695 2576; x_wconf 89' lang='lat' dir='ltr'><em>qui·</em></span> <span class='ocrx_word' id='word_1_432' title='bbox 1712 2514 1769 2561; x_wconf 90' lang='lat' dir='ltr'><em>ab</em></span> <span class='ocrx_word' id='word_1_433' title='bbox 1788 2511 1985 2560; x_wconf 84' lang='lat' dir='ltr'><em>Ecclefia</em></span> <span class='ocrx_word' id='word_1_434' title='bbox 1997 2551 2008 2570; x_wconf 88' lang='lat'><em>,</em></span> <span class='ocrx_word' id='word_1_435' title='bbox 2021 2512 2200 2561; x_wconf 81' lang='lat' dir='ltr'><em>Decem</em></span> 
     </span>
     <span class='ocr_line' id='line_1_36' title="bbox 227 2576 2198 2643; baseline 0 -16"><span class='ocrx_word' id='word_1_436' title='bbox 227 2595 384 2628; x_wconf 87' lang='lat' dir='ltr'><em>omnes</em></span> <span class='ocrx_word' id='word_1_437' title='bbox 398 2613 414 2638; x_wconf 92' lang='lat'><em>,</em></span> <span class='ocrx_word' id='word_1_438' title='bbox 448 2580 658 2643; x_wconf 86' lang='lat' dir='ltr'><em>Quinque</em></span> <span class='ocrx_word' id='word_1_439' title='bbox 677 2579 872 2642; x_wconf 88' lang='lat' dir='ltr'><em>aliquos,</em></span> <span class='ocrx_word' id='word_1_440' title='bbox 908 2577 1121 2627; x_wconf 88' lang='lat' dir='ltr'><em>Dormire</em></span> <span class='ocrx_word' id='word_1_441' title='bbox 1147 2577 1309 2627; x_wconf 87' lang='lat' dir='ltr'><em>statum</em></span> <span class='ocrx_word' id='word_1_442' title='bbox 1329 2578 1570 2627; x_wconf 85' lang='lat' dir='ltr'><em>naturalem</em></span> <span class='ocrx_word' id='word_1_443' title='bbox 1583 2612 1598 2635; x_wconf 91' lang='lat'><em>,</em></span> <span class='ocrx_word' id='word_1_444' title='bbox 1633 2579 1799 2625; x_wconf 86' lang='lat' dir='ltr'><em>Emere</em></span> <span class='ocrx_word' id='word_1_445' title='bbox 1816 2592 2077 2639; x_wconf 86' lang='lat' dir='ltr'><em>comparare</em></span> <span class='ocrx_word' id='word_1_446' title='bbox 2094 2576 2198 2637; x_wconf 71' lang='lat' dir='ltr'><em>fibi,</em></span> 
     </span>
     <span class='ocr_line' id='line_1_37' title="bbox 227 2641 2200 2708; baseline -0.001 -15"><span class='ocrx_word' id='word_1_447' title='bbox 227 2644 406 2693; x_wconf 86' lang='lat' dir='ltr'><em>Ostium</em></span> <span class='ocrx_word' id='word_1_448' title='bbox 431 2642 675 2708; x_wconf 82' lang='lat' dir='ltr'><em>ingreffum</em></span> <span class='ocrx_word' id='word_1_449' title='bbox 689 2643 745 2692; x_wconf 91' lang='lat' dir='ltr'><em>ad</em></span> <span class='ocrx_word' id='word_1_450' title='bbox 765 2644 956 2701; x_wconf 87' lang='lat' dir='ltr'><em>Caelum,</em></span> <span class='ocrx_word' id='word_1_451' title='bbox 992 2657 1046 2690; x_wconf 86' lang='lat' dir='ltr'><em>ac</em></span> <span class='ocrx_word' id='word_1_452' title='bbox 1072 2657 1160 2691; x_wconf 90' lang='lat' dir='ltr'><em>non</em></span> <span class='ocrx_word' id='word_1_453' title='bbox 1183 2641 1330 2700; x_wconf 79' lang='lat' dir='ltr'><em>nosse,</em></span> <span class='ocrx_word' id='word_1_454' title='bbox 1366 2657 1469 2690; x_wconf 90' lang='lat' dir='ltr'><em>cum</em></span> <span class='ocrx_word' id='word_1_455' title='bbox 1490 2658 1516 2690; x_wconf 89' lang='lat' dir='ltr'><em>a</em></span> <span class='ocrx_word' id='word_1_456' title='bbox 1537 2643 1762 2701; x_wconf 87' lang='lat' dir='ltr'><em>Domino,</em></span> <span class='ocrx_word' id='word_1_457' title='bbox 1797 2657 1885 2690; x_wconf 89' lang='lat' dir='ltr'><em>non</em></span> <span class='ocrx_word' id='word_1_458' title='bbox 1909 2642 1996 2690; x_wconf 82' lang='lat' dir='ltr'><em>ess&#39;e</em></span> <span class='ocrx_word' id='word_1_459' title='bbox 2019 2643 2064 2691; x_wconf 86' lang='lat' dir='ltr'><em>in</em></span> <span class='ocrx_word' id='word_1_460' title='bbox 2076 2657 2200 2691; x_wconf 85' lang='lat' dir='ltr'><em>amo-</em></span> 
     </span>
     <span class='ocr_line' id='line_1_38' title="bbox 230 2706 2200 2773; baseline -0.002 -15"><span class='ocrx_word' id='word_1_461' title='bbox 230 2725 279 2758; x_wconf 87' lang='lat' dir='ltr'><em>re</em></span> <span class='ocrx_word' id='word_1_462' title='bbox 313 2709 450 2773; x_wconf 82' lang='lat' dir='ltr'><em>Ipfius</em></span> <span class='ocrx_word' id='word_1_463' title='bbox 467 2745 481 2766; x_wconf 84' lang='lat'><em>,</em></span> <span class='ocrx_word' id='word_1_464' title='bbox 515 2707 718 2758; x_wconf 82' lang='lat' dir='ltr'><em>constare</em></span> <span class='ocrx_word' id='word_1_465' title='bbox 745 2706 892 2770; x_wconf 86' lang='lat' dir='ltr'><em>potest</em></span> <span class='ocrx_word' id='word_1_466' title='bbox 921 2723 947 2756; x_wconf 85' lang='lat' dir='ltr'><em>a</em></span> <span class='ocrx_word' id='word_1_467' title='bbox 978 2707 1126 2761; x_wconf 84' lang='lat' dir='ltr'><em>multis</em></span> <span class='ocrx_word' id='word_1_468' title='bbox 1147 2708 1254 2757; x_wconf 90' lang='lat' dir='ltr'><em>locis</em></span> <span class='ocrx_word' id='word_1_469' title='bbox 1275 2709 1320 2756; x_wconf 87' lang='lat' dir='ltr'><em>in</em></span> <span class='ocrx_word' id='word_1_470' title='bbox 1340 2708 1501 2757; x_wconf 89' lang='lat' dir='ltr'><em>Verbo</em></span> <span class='ocrx_word' id='word_1_471' title='bbox 1519 2707 1823 2770; x_wconf 77' lang='lat' dir='ltr'><em>Pr0phetico,</em></span> <span class='ocrx_word' id='word_1_472' title='bbox 1850 2708 1926 2756; x_wconf 91' lang='lat' dir='ltr'><em>ubi</em></span> <span class='ocrx_word' id='word_1_473' title='bbox 1946 2707 2018 2755; x_wconf 89' lang='lat' dir='ltr'><em>illa</em></span> <span class='ocrx_word' id='word_1_474' title='bbox 2039 2706 2200 2770; x_wconf 55' lang='lat' dir='ltr'><em>signifi,-</em></span> 
     </span>
     <span class='ocr_line' id='line_1_39' title="bbox 233 2771 2201 2838; baseline 0.001 -19"><span class='ocrx_word' id='word_1_475' title='bbox 233 2786 339 2821; x_wconf 88' lang='lat' dir='ltr'><em>cant</em></span> <span class='ocrx_word' id='word_1_476' title='bbox 370 2774 538 2823; x_wconf 79' lang='lat' dir='ltr'><em>similia.</em></span> <span class='ocrx_word' id='word_1_477' title='bbox 575 2773 696 2838; x_wconf 88' lang='lat' dir='ltr'><em>Quia</em></span> <span class='ocrx_word' id='word_1_478' title='bbox 717 2773 931 2836; x_wconf 86' lang='lat' dir='ltr'><em>Virgines</em></span> <span class='ocrx_word' id='word_1_479' title='bbox 949 2771 1198 2834; x_wconf 83' lang='lat' dir='ltr'><em>fignificant</em></span> <span class='ocrx_word' id='word_1_480' title='bbox 1219 2773 1316 2822; x_wconf 88' lang='lat' dir='ltr'><em>illos</em></span> <span class='ocrx_word' id='word_1_481' title='bbox 1339 2774 1412 2834; x_wconf 88' lang='lat' dir='ltr'><em>qui</em></span> <span class='ocrx_word' id='word_1_482' title='bbox 1435 2773 1491 2821; x_wconf 89' lang='lat' dir='ltr'><em>ab</em></span> <span class='ocrx_word' id='word_1_483' title='bbox 1509 2772 1705 2821; x_wconf 79' lang='lat' dir='ltr'><em>Ecclesia</em></span> <span class='ocrx_word' id='word_1_484' title='bbox 1724 2771 1847 2829; x_wconf 89' lang='lat' dir='ltr'><em>sunt,</em></span> <span class='ocrx_word' id='word_1_485' title='bbox 1880 2772 1988 2820; x_wconf 89' lang='lat' dir='ltr'><em>ideo</em></span> <span class='ocrx_word' id='word_1_486' title='bbox 2004 2774 2134 2820; x_wconf 87' lang='lat' dir='ltr'><em>toties</em></span> <span class='ocrx_word' id='word_1_487' title='bbox 2154 2773 2201 2820; x_wconf 86' lang='lat' dir='ltr'><em>in</em></span> 
     </span>
     <span class='ocr_line' id='line_1_40' title="bbox 232 2835 2197 2902; baseline -0.001 -17"><span class='ocrx_word' id='word_1_488' title='bbox 232 2837 398 2887; x_wconf 89' lang='lat' dir='ltr'><em>Verbo</em></span> <span class='ocrx_word' id='word_1_489' title='bbox 424 2840 697 2902; x_wconf 85' lang='lat' dir='ltr'><em>Prophetico</em></span> <span class='ocrx_word' id='word_1_490' title='bbox 728 2838 891 2887; x_wconf 88' lang='lat' dir='ltr'><em>dicitur</em></span> <span class='ocrx_word' id='word_1_491' title='bbox 927 2837 1155 2900; x_wconf 85' lang='lat' dir='ltr'><em>Virgo&amp;</em></span> <span class='ocrx_word' id='word_1_492' title='bbox 1188 2838 1301 2887; x_wconf 86' lang='lat' dir='ltr'><em>Filia</em></span> <span class='ocrx_word' id='word_1_493' title='bbox 1322 2838 1501 2896; x_wconf 84' lang='lat' dir='ltr'><em>Zionis,</em></span> <span class='ocrx_word' id='word_1_494' title='bbox 1535 2837 1887 2902; x_wconf 81' lang='lat' dir='ltr'><em>Hierosolymae,</em></span> <span class='ocrx_word' id='word_1_495' title='bbox 1922 2837 2115 2895; x_wconf 85' lang='lat' dir='ltr'><em>Israelis;</em></span> <span class='ocrx_word' id='word_1_496' title='bbox 2148 2835 2197 2883; x_wconf 75' lang='grc' dir='ltr'><em>δι</em></span> 
     </span>
     <span class='ocr_line' id='line_1_41' title="bbox 206 2901 2198 2967; baseline 0 -21"><span class='ocrx_word' id='word_1_497' title='bbox 206 2901 336 2961; x_wconf 83' lang='lat' dir='ltr'><em>-quia</em></span> <span class='ocrx_word' id='word_1_498' title='bbox 367 2904 532 2951; x_wconf 87' lang='lat' dir='ltr'><em>Oleum</em></span> <span class='ocrx_word' id='word_1_499' title='bbox 563 2903 782 2967; x_wconf 86' lang='lat' dir='ltr'><em>fignificat</em></span> <span class='ocrx_word' id='word_1_500' title='bbox 811 2905 979 2951; x_wconf 87' lang='lat' dir='ltr'><em>bonum</em></span> <span class='ocrx_word' id='word_1_501' title='bbox 1011 2904 1204 2960; x_wconf 82' lang='lat' dir='ltr'><em>amoris,</em></span> <span class='ocrx_word' id='word_1_502' title='bbox 1235 2904 1340 2952; x_wconf 90' lang='lat' dir='ltr'><em>ideo</em></span> <span class='ocrx_word' id='word_1_503' title='bbox 1369 2902 1520 2952; x_wconf 86' lang='lat' dir='ltr'><em>omnia</em></span> <span class='ocrx_word' id='word_1_504' title='bbox 1550 2901 1713 2952; x_wconf 53' lang='lat' dir='ltr'><em>Sancta</em></span> <span class='ocrx_word' id='word_1_505' title='bbox 1733 2901 1947 2952; x_wconf 79' lang='lat' dir='ltr'><em>Ecclesiae</em></span> <span class='ocrx_word' id='word_1_506' title='bbox 1961 2901 2198 2949; x_wconf 81' lang='lat' dir='ltr'><em>Israeliticae</em></span> 
     </span>
     <span class='ocr_line' id='line_1_42' title="bbox 231 2965 2203 3031; baseline -0.002 -17"><span class='ocrx_word' id='word_1_507' title='bbox 231 2965 339 3011; x_wconf 86' lang='lat' dir='ltr'><em>oleo</em></span> <span class='ocrx_word' id='word_1_508' title='bbox 369 2969 656 3027; x_wconf 84' lang='lat' dir='ltr'><em>ungebantur.</em></span> <span class='ocrx_word' id='word_1_509' title='bbox 704 2968 857 3017; x_wconf 87' lang='lat' dir='ltr'><em>Simile</em></span> <span class='ocrx_word' id='word_1_510' title='bbox 886 2966 955 3015; x_wconf 91' lang='lat' dir='ltr'><em>est</em></span> <span class='ocrx_word' id='word_1_511' title='bbox 986 2967 1032 3015; x_wconf 91' lang='lat' dir='ltr'><em>in</em></span> <span class='ocrx_word' id='word_1_512' title='bbox 1063 2968 1235 3031; x_wconf 82' lang='lat' dir='ltr'><em>reliquis</em></span> <span class='ocrx_word' id='word_1_513' title='bbox 1261 2969 1514 3025; x_wconf 83' lang='lat' dir='ltr'><em>Parabolis,</em></span> <span class='ocrx_word' id='word_1_514' title='bbox 1545 2966 1596 3016; x_wconf 87' lang='lat'>&amp;</span> <span class='ocrx_word' id='word_1_515' title='bbox 1625 2968 1671 3016; x_wconf 90' lang='lat' dir='ltr'><em>in</em></span> <span class='ocrx_word' id='word_1_516' title='bbox 1707 2967 1910 3016; x_wconf 89' lang='lat' dir='ltr'><em>omnibus</em></span> <span class='ocrx_word' id='word_1_517' title='bbox 1941 2966 2083 3012; x_wconf 83' lang='lat' dir='ltr'><em>verbis</em></span> <span class='ocrx_word' id='word_1_518' title='bbox 2103 2977 2203 3024; x_wconf 84' lang='lat' dir='ltr'><em>quae</em></span> 
     </span>
     <span class='ocr_line' id='line_1_43' title="bbox 233 3027 2197 3096; baseline -0.001 -20"><span class='ocrx_word' id='word_1_519' title='bbox 233 3028 457 3076; x_wconf 81' lang='lat' dir='ltr'><em>Dominus</em></span> <span class='ocrx_word' id='word_1_520' title='bbox 474 3032 673 3090; x_wconf 85' lang='lat' dir='ltr'><em>loquutus</em></span> <span class='ocrx_word' id='word_1_521' title='bbox 692 3032 782 3091; x_wconf 89' lang='lat' dir='ltr'><em>est,</em></span> <span class='ocrx_word' id='word_1_522' title='bbox 821 3033 870 3081; x_wconf 73' lang='lat'><em>61</em></span> <span class='ocrx_word' id='word_1_523' title='bbox 893 3032 1011 3096; x_wconf 86' lang='lat' dir='ltr'><em>apud</em></span> <span class='ocrx_word' id='word_1_524' title='bbox 1034 3031 1340 3096; x_wconf 84' lang='lat' dir='ltr'><em>Evangelistas</em></span> <span class='ocrx_word' id='word_1_525' title='bbox 1364 3033 1524 3094; x_wconf 83' lang='lat' dir='ltr'><em>scripta</em></span> <span class='ocrx_word' id='word_1_526' title='bbox 1549 3032 1671 3090; x_wconf 83' lang='lat' dir='ltr'><em>sunt3</em></span> <span class='ocrx_word' id='word_1_527' title='bbox 1699 3033 1803 3081; x_wconf 86' lang='lat' dir='ltr'><em>inde</em></span> <span class='ocrx_word' id='word_1_528' title='bbox 1823 3030 1888 3080; x_wconf 87' lang='lat' dir='ltr'><em>est</em></span> <span class='ocrx_word' id='word_1_529' title='bbox 1907 3029 2022 3092; x_wconf 91' lang='lat' dir='ltr'><em>quod</em></span> <span class='ocrx_word' id='word_1_530' title='bbox 2035 3027 2197 3075; x_wconf 84' lang='lat' dir='ltr'><em>Domi·</em></span> 
     </span>
     <span class='ocr_line' id='line_1_44' title="bbox 233 3089 2202 3159; baseline -0.002 -19"><span class='ocrx_word' id='word_1_531' title='bbox 233 3106 314 3140; x_wconf 83' lang='lat' dir='ltr'><em>nus</em></span> <span class='ocrx_word' id='word_1_532' title='bbox 342 3092 461 3140; x_wconf 85' lang='lat' dir='ltr'><em>dicat</em></span> <span class='ocrx_word' id='word_1_533' title='bbox 482 3092 599 3154; x_wconf 89' lang='lat' dir='ltr'><em>quod</em></span> <span class='ocrx_word' id='word_1_534' title='bbox 625 3094 780 3143; x_wconf 86' lang='lat' dir='ltr'><em>Verba</em></span> <span class='ocrx_word' id='word_1_535' title='bbox 800 3096 935 3158; x_wconf 73' lang='lat' dir='ltr'><em>Ipsius</em></span> <span class='ocrx_word' id='word_1_536' title='bbox 959 3096 1146 3159; x_wconf 85' lang='lat' dir='ltr'><em>Spiritus</em></span> <span class='ocrx_word' id='word_1_537' title='bbox 1163 3097 1214 3146; x_wconf 77' lang='grc' dir='ltr'><em>δι</em></span> <span class='ocrx_word' id='word_1_538' title='bbox 1236 3098 1346 3147; x_wconf 89' lang='lat' dir='ltr'><em>Vita</em></span> <span class='ocrx_word' id='word_1_539' title='bbox 1360 3097 1467 3156; x_wconf 69' lang='lat' dir='ltr'><em>sint,</em></span> <span class='ocrx_word' id='word_1_540' title='bbox 1502 3098 1605 3159; x_wconf 79' lang='lat' dir='ltr'><em>Joh.</em></span> <span class='ocrx_word' id='word_1_541' title='bbox 1631 3097 1715 3144; x_wconf 79' lang='lat' dir='ltr'><em>Vt.</em></span> <span class='ocrx_word' id='word_1_542' title='bbox 1739 3106 1816 3154; x_wconf 83' lang='lat'><em>63.</em></span> <span class='ocrx_word' id='word_1_543' title='bbox 1851 3094 2001 3142; x_wconf 83' lang='lat' dir='ltr'><em>Simile</em></span> <span class='ocrx_word' id='word_1_544' title='bbox 2019 3089 2083 3138; x_wconf 91' lang='lat' dir='ltr'><em>est</em></span> <span class='ocrx_word' id='word_1_545' title='bbox 2098 3105 2202 3138; x_wconf 83' lang='lat' dir='ltr'><em>cum</em></span> 
     </span>
    </p>
   </div>
   <div class='ocr_carea' id='block_1_3' title="bbox 232 3154 2198 3269">
    <p class='ocr_par' dir='ltr' id='par_1_3' title="bbox 232 3154 2198 3269">
     <span class='ocr_line' id='line_1_45' title="bbox 232 3154 2198 3269; baseline -0.001 -63"><span class='ocrx_word' id='word_1_546' title='bbox 232 3156 443 3207; x_wconf 79' lang='lat' dir='ltr'><em>omnibus</em></span> <span class='ocrx_word' id='word_1_547' title='bbox 475 3155 666 3206; x_wconf 82' lang='lat' dir='ltr'><em>Domini</em></span> <span class='ocrx_word' id='word_1_548' title='bbox 687 3159 946 3220; x_wconf 85' lang='lat' dir='ltr'><em>Mitaculis,</em></span> <span class='ocrx_word' id='word_1_549' title='bbox 981 3175 1079 3224; x_wconf 83' lang='lat' dir='ltr'><em>quae</em></span> <span class='ocrx_word' id='word_1_550' title='bbox 1101 3163 1274 3212; x_wconf 86' lang='lat' dir='ltr'><em>Divina</em></span> <span class='ocrx_word' id='word_1_551' title='bbox 1289 3174 1437 3221; x_wconf 81' lang='lat' dir='ltr'><em>erant,</em></span> <span class='ocrx_word' id='word_1_552' title='bbox 1470 3176 1574 3224; x_wconf 80' lang='lat' dir='ltr'><em>quia</em></span> <span class='ocrx_word' id='word_1_553' title='bbox 1595 3161 1739 3211; x_wconf 81' lang='lat' dir='ltr'><em>varios</em></span> <span class='ocrx_word' id='word_1_554' title='bbox 1758 3157 1924 3218; x_wconf 78' lang='lat' dir='ltr'><em>status,</em></span> <span class='ocrx_word' id='word_1_555' title='bbox 1952 3154 2070 3218; x_wconf 84' lang='lat' dir='ltr'><em>apud</em></span> <span class='ocrx_word' id='word_1_556' title='bbox 2089 3170 2198 3269; x_wconf 60' lang='grc' dir='ltr'><em>ςέεὲε</em></span> 
     </span>
    </p>
   </div>
  </div>
 </body>
</html>
