2502 3432
501 167 617 229 DE
656 158 1265 245 TELLURIBUS
1321 182 1406 226 1N
1455 157 1967 254 UNIVERSAO.
2144 172 2226 236 25
2317 228 2319 230 ¹

160 315 165 319 ·
233 295 286 344 δε
306 291 435 358 ''q'uod
458 292 530 340 illiv
549 289 727 356 prorsus
758 288 848 336 alio
870 289 1006 336 corde
1029 288 1148 345 fint;
1182 290 1474 337 autumabant
1496 301 1623 345 tune,
1646 289 1772 353 quod
1799 289 1844 336 in
1868 285 2015 335 nostra
2037 284 2224 334 Tellure

232 375 395 409 omnes
422 358 560 411 essent
594 356 681 404 illis
718 353 914 410 similes-3
955 352 1029 401 sed
1065 354 1242 402 dictum
1275 356 1401 418 quod
1441 356 1571 402 multi
1611 372 1702 402 non
1737 356 1844 402 tales
1880 354 1983 410 lint,
2022 353 2071 401 ὅτ
2094 351 2224 416 quod

231 429 368 475 etiam
390 424 481 472 'fin't
502 423 583 486 qui
605 421 808 469 exbono
828 422 1047 483 cogitant,
1092 421 1141 467 δι
1166 437 1258 468 non
1298 435 1355 467 ex
1384 421 1505 467 maio
1539 419 1652 466 ficut
1682 421 1764 474 illi,
1805 421 1853 467 &
1877 419 2005 484 quod
2044 422 2125 482 qui
2162 432 2223 464 ex

233 492 372 547 bono,
412 489 559 552 angeli
591 487 715 534 fiant.
788 487 860 534 Ut
883 486 1041 533 scirent
1061 485 1192 548 quod
1226 486 1286 532 ita
1317 485 1439 540 effet,
1479 501 1538 532 ex
1563 485 1693 531 coelo
1727 486 1783 531 ab
1811 487 1981 547 angelis
2018 501 2044 532 e
2078 483 2225 532 nostra

233 557 419 606 TclLure
442 552 677 602 veniebant
699 552 858 609 Chori,
882 567 999 600 unus
1022 551 1122 614 post
1146 552 1355 607 alterum,
1398 553 1477 614 qui
1502 550 1634 598 simul
1660 567 1748 597 una
1770 565 1883 596 voce
1909 552 1956 596 &
1982 565 2087 596 cum
2111 565 2222 596 con·

231 623 389 670 centu*
421 619 732 684 glorificabant
770 618 1028 666 Dominum
1048 618 1186 679 (bb):
1237 618 1374 664 Chori
1408 618 1493 672 ,illi
1535 629 1766 679 tantopere
1807 614 2085 663 oblectabant
2122 617 2226 677 Spi-

231 688 344 736 ritus
363 686 562 748 Joviales
594 686 676 749 qui
711 685 833 749 apud
858 700 948 740 me,
987 695 1040 730 ut
1061 684 1317 732 viderentur
1340 683 1421 730 libi
1453 682 1575 746 quali
1612 683 1656 734 in
1681 682 1855 728 coelum
1891 682 2036 743 rapti:
2080 681 2223 742 glori-

230 753 381 801 fimtio
402 752 476 800 illa
498 767 577 816 per
597 751 758 801 choros
778 750 997 815 perstabat
1016 765 1098 813 per
1118 766 1254 797 unam
1278 751 1433 797 horam
1453 750 1656 796 circiter:
1693 749 1864 795 delitias
1888 747 2089 801 illorum,
2112 761 2225 808 quas

231 819 339 867 inde
376 819 624 883 capiebant,
666 832 849 865 mecum
891 818 1265 873 communicatas,
1304 816 1462 864 sentire
1496 814 1715 862 dabatur:
1766 813 1977 861 dicebant
2013 812 2147 876 quod
2176 811 2223 858 id

231 885 434 934 dicerent·
454 876 538 932 suis
561 884 640 947 qui
664 883 782 931 alibi.

301 954 383 1000 62.
416 951 583 999 Incolae
598 949 797 997 Telluris
820 949 952 1010 Jovis
982 947 1239 1012 sapientiam
1260 959 1439 1011 ponunt
1463 948 1507 994 in
1532 946 1781 1010 cogitando
1816 946 1926 992 bene
1960 947 2008 994 &
2025 942 2144 1007 juste
2166 943 2224 991 de

232 1017 367 1065 rebus
401 1033 509 1080 quae
546 1018 591 1063 in
628 1017 725 1063 vita
759 1015 1050 1070 obveniunt,
1099 1017 1354 1078 sapientiam
1394 1015 1517 1060 illam
1553 1011 1763 1060 hauriunt
1809 1028 1836 1059 a
1870 1012 2126 1075 parentibus
2169 1011 2227 1057 ab

233 1081 433 1138 infantia,
463 1098 569 1144 quae
594 1082 829 1130 succeffive
866 1082 915 1128 in
949 1080 1256 1144 posteritatem
1294 1078 1571 1134 transfertur,
1612 1081 1662 1127 δε
1698 1094 1754 1125 ex
1792 1093 1946 1125 amore
1984 1075 2080 1140 ejus
2118 1078 2224 1140 quia

233 1147 356 1211 apud
395 1160 597 1210 parentes
635 1146 802 1196 crescit.
872 1148 945 1194 De
968 1146 1175 1203 scientiis,
1218 1146 1369 1211 quales
1408 1148 1454 1193 in
1489 1145 1638 1194 nostra
1657 1145 1845 1193 Tellure
1887 1142 2003 1199 sunt,
2043 1142 2226 1206 prorsus

229 1213 347 1261 nihil
384 1213 543 1269 sciunt,
585 1229 665 1260 nec
705 1211 811 1260 scire
844 1213 1022 1269 volunt,
1059 1226 1224 1260 vocant
1261 1214 1353 1260 illas
1393 1212 1594 1270 umbras,
1634 1213 1685 1260 δε
1725 1222 1992 1274 comparant
2029 1208 2226 1256 nubibus

236 1293 343 1341 quae
363 1278 482 1325 inter
504 1278 676 1324 solem:
723 1278 868 1324 ideam
908 1279 1021 1324 hanc
1061 1279 1119 1324 de
1155 1278 1348 1325 scientiis
1388 1279 1615 1325 duxerunt
1657 1292 1715 1324 ex
1754 1277 1976 1338 aliquibus
2016 1292 2042 1323 e
2078 1274 2227 1322 nostra

232 1342 438 1399 Tellure,
472 1345 552 1405 qui
574 1341 616 1389 se
639 1358 791 1389 coram
815 1342 900 1389 illis
922 1342 1210 1388 venditarunt
1230 1342 1441 1405 sapientes
1464 1359 1522 1389 ex
1543 1343 1750 1390 scientiis.
1818 1343 2011 1404 Spiritus
2033 1357 2058 1388 e
2083 1341 2232 1388 nostra

231 1407 440 1464 Tellure,
479 1409 560 1472 qui
596 1406 637 1454 se
660 1408 720 1454 ita
742 1407 1048 1470 venditarunt,
1085 1405 1268 1454 fuerunt
1304 1410 1384 1470 qui
1421 1407 1679 1470 sapientiam
1702 1406 1948 1470 posuerunt
1987 1408 2031 1452 in
2066 1406 2228 1453 talibus

235 1490 342 1538 quae
371 1473 470 1521 sunt
495 1490 632 1521 merae
654 1474 917 1530 Memoriae‚
952 1485 1003 1520 ut
1037 1475 1083 1520 in
1106 1474 1303 1537 Linguis
1326 1474 1556 1537 praecipue
1579 1474 1796 1529 Hebraea,
1838 1472 2020 1528 Graeca,
2061 1472 2110 1519 δε
2133 1472 2228 1521 La-
2254 1493 2260 1496 ·

227 1541 346 1596 tina,
378 1541 423 1586 in
446 1538 824 1586 Memorabilibus
858 1554 967 1601 quae
991 1538 1091 1586 sunt
1113 1539 1253 1586 Orbis
1274 1540 1470 1594 literani,
1505 1540 1553 1586 in
1575 1539 1776 1594 Criticis,
1817 1538 1864 1585 in
1885 1538 2022 1586 nudis
2043 1539 2223 1600 experi-

236 1603 525 1659 mentalibus,
563 1604 699 1665 inque
735 1603 937 1649 terminis
976 1604 1201 1665 imprimis
1241 1603 1587 1666 Philosophicis,
1632 1605 1680 1650 &
1719 1603 1939 1651 similibus
1978 1602 2089 1659 aliis,
2143 1619 2226 1651 nec

229 1669 396 1716 iuis'ut
420 1668 579 1724 mediis
601 1669 660 1714 ad
679 1666 943 1729 sapiendum
968 1667 1032 1714 usi
1055 1667 1174 1724 sunt,
1213 1670 1431 1731 quoniam
1466 1670 1514 1715 in
1538 1668 1625 1718 illis
1649 1668 1752 1734 ipsis
1786 1668 2043 1780 sapientiam
2069 1669 2229 1732 posue-

234 1747 374 1790 runt;
411 1734 464 1782 -hi
487 1735 594 1798 quia
615 1748 694 1797 per
716 1733 933 1790 scientias,
974 1745 1027 1780 ut
1055 1749 1137 1798 per
1162 1734 1326 1792 media,
1366 1750 1457 1782 non
1481 1734 1777 1783 excoluerunt
1833 1735 2076 1782 acuitatem
2103 1732 2227 1782 suam

227 1799 513 1856 rationalem,
553 1801 600 1846 in
628 1797 763 1846 altera
783 1800 876 1846 vita
909 1814 1072 1863 parum
1111 1801 1408 1864 perceptionis
1443 1800 1623 1857 habent,
1671 1816 1775 1848 nam
1801 1799 1947 1848 solum
1984 1801 2144 1848 vident
2177 1803 2225 1849 in

233 1866 440 1915 terminis
461 1866 512 1913 &
533 1880 590 1912 ex
611 1865 830 1921 terminis,
853 1881 904 1913 ac
927 1866 1008 1929 qui
1030 1867 1092 1913 ita
1115 1866 1289 1924 vident,
1323 1867 1424 1915 sunt
1448 1867 1521 1915 illa
1544 1867 1656 1916 licut
1679 1868 1850 1930 grumi‚
1877 1883 1926 1914 ac
1951 1866 2069 1915 licut
2087 1867 2229 1916 nubes

231 1944 339 1980 >ante
359 1931 509 1978 visum
539 1930 898 1988 intelleftualem,
931 1931 1037 1978 vide
1060 1931 1189 1996 supra
1228 1950 1287 1982 n:
1312 1936 1370 1999 38
1397 1955 1412 1990 3
1453 1934 1502 1982 &
1524 1935 1607 1997 qui
1628 1931 1807 1981 fastuosi
1835 1931 2019 1981 fuerunt
2046 1950 2104 1981 ex
2127 1950 2229 1981 eru·

234 1997 409 2049 ditione
441 1996 562 2053 inde,
601 1997 749 2044 adhuc
779 1999 930 2045 minus
964 1998 1254 2062 percipiune3
1300 2017 1351 2048 ac
1389 2001 1471 2064 qui
1510 1999 1699 2048 scientiis
1738 1999 1804 2047 uli
1844 1999 1946 2048 sunt
1978 2012 2031 2048 ut
2066 1999 2229 2048 mediis

223 2062 498 2111 infirmandi
535 2063 586 2110 δε
607 2062 897 2111 “3ηηίὴὶ13ῃ<1ἰ
937 2063 1011 2112 illa
1043 2080 1151 2128 quae
1174 2065 1390 2114 Eccleliae
1429 2068 1479 2116 δι
1517 2066 1626 2114 fidei
1667 2066 1782 2121 sunt,
1825 2066 1889 2112 illi
1926 2065 2230 2114 intellectuale

235 2127 368 2176 suum
396 2127 583 2192 ‘prorsus
620 2128 950 2187 destruxerunt,
990 2146 1042 2177 ac
1074 2131 1235 2179 vident
1269 2134 1314 2179 in
1349 2133 1540 2196 caligine
1565 2133 1675 2180 licut
1709 2132 1907 2189 nostuae,
1947 2130 2228 2196 falsum-pro

236 2208 348 2243 vero
369 2194 418 2241 ὅτ
443 2194 616 2242 malum
639 2211 724 2258 pro
741 2195 877 2244 bono.
948 2196 1143 2260 Spiritus
1156 2198 1354 2259 Joviales
1378 2215 1434 2245 ex
1451 2199 1782 2247 conversatione
1801 2214 1908 2244 cum
1932 2198 2094 2245 talibus
2118 2214 2227 2245 con·

241 2258 480 2316 cluserunt,
515 2262 641 2323 quod
667 2259 859 2309 scientiae
882 2261 1093 2310 umbram
1118 2263 1334 2312 inducant
1357 2267 1405 2312 &
1427 2277 1656 2312 occaecent
1676 2284 1686 2312 :
1734 2263 1806 2310 sed
1834 2265 1918 2310 illis
1946 2264 2122 2310 dietum
2146 2263 2227 2317 est,

238 2325 367 2386 quod
399 2327 446 2374 in
469 2325 552 2371 hac
574 2325 760 2371 Tellure
796 2327 989 2371 scientiae
1020 2327 1105 2372 fint
1130 2330 1277 2374 media
1310 2331 1537 2389 aperiendi
1562 2329 1707 2375 visum
1747 2329 2109 2382 intelleeftualem,
2146 2329 2226 2389 qui

238 2388 359 2433 visus
379 2387 442 2433 est
475 2389 519 2433 in
545 2389 643 2433 luce
664 2388 788 2440 coeli,
828 2387 900 2433 sed
924 2389 1032 2449 quia
1053 2401 1243 2451 regnant
1255 2392 1366 2436 talia
1386 2407 1494 2454 quae
1517 2391 1617 2438 sunt
1641 2394 1748 2437 vitae
1782 2406 1904 2436 mere
1929 2391 2136 2437 naturalis
2173 2407 2225 2439 ac

239 2451 459 2506 sensualis,
498 2451 599 2497 ideo
641 2450 832 2499 scientiae
866 2450 952 2499 illis
991 2451 1091 2500 sunt
1116 2454 1264 2501 media
1295 2455 1555 2511 insaniendi,
1597 2470 1760 2518 nempe
1794 2455 2096 2503 confirmandi
2139 2473 2225 2520 pro

232 2518 416 2565 ‘Natura
455 2530 607 2564 contra
620 2517 871 2575 Divinum,
910 2519 961 2565 ὅτ
986 2534 1069 2582 pro
1090 2520 1279 2567 'Mundo
1307 2533 1463 2568 contra
1486 2521 1707 2568 Coelum:
1761 2537 1899 2584 porro
1931 2522 2107 2570 dicium
2142 2522 2224 2580 est¹

240 2582 368 2647 quod
394 2581 584 2630 scientiae
609 2582 655 2629 in
679 2582 719 2630 se
743 2583 827 2631 smt
858 2583 1034 2631 divitiae
1057 2583 1319 2648 spirituales,
1359 2587 1408 2634 &
1430 2588 1555 2650 quod
1591 2588 1723 2650 ii,qui
1747 2581 1968 2650 poffident
1990 2588 2102 2645 illas,
2122 2587 2224 2641 ,sint

239 2650 351 2696 ficut
388 2650 467 2711 qui
501 2648 721 2711 poffident
743 2649 922 2697 divitias
961 2651 1228 2709 mundanas,
1263 2668 1370 2715 quae
1401 2652 1601 2700 similiter
1640 2653 1740 2699 sunt
1780 2653 1929 2700 media
1965 2652 2068 2700 usus
2106 2669 2224 2718 prae-

246 2713 390 2762 standi
430 2713 527 2772 fibi,
558 2715 791 2777 proximo,
831 2716 877 2764 &
898 2717 1074 2783 patriae,
1113 2718 1163 2773 &
1188 2734 1371 2781 quoque
1396 2718 1544 2766 media
1569 2717 1908 2774 malefaciendi;
1957 2731 2058 2767 tum
2095 2721 2225 2783 quod

241 2780 327 2827 lint
360 2779 472 2826 licut
494 2780 653 2835 vestes,
687 2795 794 2842 quae
811 2796 900 2844 pro
923 2781 1004 2828 usu
1035 2784 1085 2830 ’δε
1107 2796 1269 2830 ornatu
1305 2782 1566 2840 inserviunt,
1598 2786 1659 2832 ’ὅτ
1681 2800 1864 2848 quoque
1899 2801 1983 2849 pro
2005 2784 2136 2841 fastu,
2155 2797 2224 2835 ,ut

236 2847 359 2910 apud
382 2861 456 2893 eos
478 2847 557 2908 qui
581 2846 638 2892 ab
660 2846 745 2892 illis
769 2845 871 2895 solis
893 2847 1056 2895 volunt
1077 2847 1298 2897 honorari.
1369 2850 1565 2913 Spiritus
1586 2849 1936 2912 TellurisJofris
1969 2850 2075 2900 'haec
2109 2853 2222 2900 bene

240 2916 245 2921 .
1183 2915 1231 2960 D
2092 2917 2221 2964 inte}-

296 3021 395 3077 mh)
426 3019 549 3074 Qod
571 3021 723 3062 dicatur
739 3019 917 3073 Chorus,
946 3034 1041 3063 cum
1070 3022 1201 3076 plures
1234 3021 1389 3077 spiritus
1420 3023 1538 3066 simul
1568 3026 1608 3068 δι
1630 3026 1872 3068 unanimiter
1905 3027 2140 3080 loquuntur,
2172 3030 2222 3069 de

235 3076 400 3130 quibus,
433 3093 486 3133 n:
508 3091 635 3135 2595.
670 3079 796 3135 2596.
826 3091 969 3136 3350:
1020 3080 1128 3134 quod
1159 3080 1201 3122 in
1227 3079 1384 3136 loquela
1417 3096 1559 3124 eorum
1589 3082 1637 3125 fit
1670 3093 1910 3134 concentus,
1944 3087 1997 3125 de
2027 3100 2124 3139 quo,
2160 3100 2213 3126 n:

242 3133 528 3245 2922'83649'
588 3135 711 3200 Quod
754 3149 824 3192 per
845 3136 989 3182 choros
1015 3136 1238 3184 *inaltera
1270 3140 1351 3182 vita
1396 3138 1467 3183 fiat
1490 3140 1764 3203 ,inauguratio
1786 3142 1848 3186 in
1882 3142 2220 3193 unanimitatem„
