2632 3516
663 254 875 334 ἰηιοἘ
938 273 1233 334 ΝονΑ
1306 227 2138 332 HtssRoSoLYMA.
2333 292 2403 341 27

423 412 520 466 «με
549 399 612 450 ibi
641 399 740 449 sunt
763 399 870 450 filiae
902 402 1028 450 unius
1050 399 1231 460 matrie3
1262 414 1345 465 per
1364 398 1654 449 scortationes
1672 399 1846 448 illarum
1866 398 2168 462 intelliguntur
2186 396 2403 447 adultera-

421 467 571 515 tiones
591 461 643 515 &
663 464 992 515 falfificationes
1012 467 1158 515 Verbi
1170 466 1246 526 3&
1265 465 1370 530 quia
1390 473 1432 513 in
1448 465 1612 513 Verbo
1631 478 1712 527 per
1722 464 1973 527 AEgyptum
1983 462 2253 528 significatur
2266 462 2405 512 scieu-'

419 532 509 589 t‘ia‘,
543 546 623 593 per
642 530 867 595 Afl'yriam
886 531 1173 581 ratiocinatio
1186 567 1199 588 ,
1233 545 1316 594 per
1332 529 1592 578 Chaldaeam
1607 529 1905 591 prophanatio
1926 531 2052 587 veri,
2087 527 2137 577 ἃ
2157 543 2238 591 per
2258 529 2402 577 Babe·

420 597 513 646 lem
544 596 840 660 prophanatio
869 599 977 646 boni
990 633 1006 655 ‚
1038 597 1145 645 ideo
1166 595 1332 644 dicitur
1349 595 1471 659 quod
1487 610 1594 642 cum
1614 594 1697 642 illis
1715 592 1918 641 scortatae
1936 592 2029 641 fint.
2068 593 2222 642 Simile
2241 593 2404 642 dicitur

420 660 481 710 de
506 662 817 726 Hierosolyma
829 698 844 721 ,
863 677 945 725 per
968 675 1103 724 quam
1119 659 1390 725 fignifioetur
1398 659 1599 709 Ecclesia
1611 657 1759 722 quoad
1771 657 2020 706 doctrinam
2034 659 2179 721 ,apud
2188 659 2407 707 Ezechie-

423 727 557 786 lem„
593 725 865 790 Hierosolyma
885 725 1031 790 confisa
1049 742 1093 774 es
1117 725 1400 788 pulchritudini
1421 736 1528 782 tuae,
1562 721 1813 785 &scortata
1831 738 1874 769 es
1895 724 1944 769 ob
1958 722 2126 787 famam
2153 734 2263 770 tuam
2278 760 2291 781 ,
2313 725 2408 771 adeo
2435 748 2439 750 ·

420 801 469 838 ut
507 790 700 855 effuderis
708 789 973 854 scortationes
997 803 1090 838 tuas
1099 789 1223 852 super
1242 804 1395 837 omnem
1413 790 1709 850 transeuntem:
1739 785 1917 846 scortata
1936 804 1978 835 es
2002 803 2088 834 cum
2101 786 2209 847 filiis
2230 788 2405 849 AEgypti

419 857 565 903 vicinis
591 859 702 915 tuis,
734 858 894 917 magnis
919 871 1064 915 carne,
1099 852 1158 909 ὅ*
1181 853 1454 918 multiplicasti
1459 853 1745 914 scortationem
1767 863 1879 900 tuam
1891 867 1910 910 ‚-
1931 851 2114 915 stortura
2133 868 2174 898 es
2192 868 2278 898 cum
2296 851 2404 914 filiis

421 919 641 984 Ascburi53
671 935 760 968 cum
774 919 954 982 satietas
980 922 1055 967 tibi
1085 920 1219 978 nulla,
1253 934 1343 967 cum
1374 917 1530 980 quibus
1531 917 1717 982 scortata
1736 932 1807 976 es,
1840 917 2114 982 multiplicasti
2119 915 2403 978 scortationem

419 997 533 1033 tuam
553 984 669 1048 usque
687 987 743 1032 ad
758 995 909 1032 terram
927 986 1206 1047 negotiationis
1229 983 1481 1031 Chaldaeam:
1513 986 1655 1031 mulier
1671 982 1850 1030 adultera
1863 980 1938 1041 sub
1956 980 2127 1044 virosus>
2146 983 2289 1044 accipit
2308 982 2405 1029 alze-

418 1064 522 1099 nos:
556 1065 691 1097 omnes
719 1051 989 1097 meretricibus
1006 1047 1101 1112 sais
1131 1050 1230 1095 dant
1253 1049 1491 1106 mercedem,
1526 1059 1573 1096 tu
1593 1064 1686 1096 vero
1705 1045 1845 1109 dedisti
1870 1048 2060 1095 mercedes
2081 1049 2260 1094 omnibus
2281 1062 2398 1092 ama·

412 1112 520 1174 fiis,
556 1125 602 1159 ut
634 1116 800 1161 veniant
821 1115 876 1160 ad
891 1126 932 1161 te
954 1117 997 1161 in
1017 1114 1182 1162 cirmitu
1200 1124 1272 1162 ,tuo
1291 1115 1332 1158 in
1342 1111 1654 1176 scortationibus
1674 1112 1785 1160 tuis:
1818 1127 1938 1172 quare
1966 1113 2175 1159 Meretrix
2195 1112 2288 1157 audi
2312 1126 2404 1157 ver·

416 1179 510 1239 Imm
542 1176 760 1238 Jebovae..
796 1177 930 1226 XVI.
965 1193 1038 1238 15.
1075 1183 1148 1226 26.
1190 1184 1264 1229 28-
1301 1192 1377 1236 29.
1402 1193 1478 1241 32.
1503 1194 1579 1241 33.
1605 1193 1664 1242 35
1687 1178 1771 1240 seq.
1797 1178 1917 1240 quod
1938 1192 2017 1240 per
2038 1177 2402 1239 Hierosolymam

417 1242 685 1306 intelligatur
710 1243 934 1298 Ecclefia,
969 1243 1178 1292 videatur
1195 1242 1242 1289 in
1263 1243 1520 1292 Docrttma
1544 1259 1607 1291 ne
1628 1245 1857 1301 Dotatae,
1889 1258 1932 1290 n.
1955 1246 2031 1290 62.
2054 1247 2131 1303 63.
2155 1240 2293 1290 limile
2316 1256 2396 1302 per

414 1306 703 1355 scortationes
722 1307 996 1372 significatur
1014 1308 1132 1370 apud
1153 1307 1332 1370 Esajam
1352 1308 1466 1370 Cap.
1487 1308 1657 1355 xxm.
1687 1322 1758 1369 17.
1787 1312 1861 1359 18.
1883 1309 1994 1371 Cap.
2021 1308 2170 1356 LVII.
2198 1323 2222 1366 3
2237 1319 2253 1348 .·
2282 1305 2400 1369 apud

421 1372 665 1434 Jeremiam
698 1373 811 1436 Cap.
845 1373 904 1419 II.
940 1386 985 1421 2.
1014 1379 1058 1421 6.
1087 1378 1130 1424 8.
1161 1386 1207 1431 9.
1228 1373 1338 1433 Cap.
1365 1373 1433 1420 V.
1461 1388 1502 1420 1.
1521 1387 1566 1433 7.
1590 1374 1699 1434 Cap.
1722 1373 1850 1421 XIII.
1878 1388 1952 1434 27.
1978 1373 2088 1433 Cap.
2118 1372 2281 1419 XXIX.
2314 1387 2399 1431 23:

419 1437 539 1499 apud
562 1437 802 1496 Micham,
830 1438 942 1500 Cap.
963 1438 1000 1484 I.
1024 1452 1079 1499 7:
1102 1436 1218 1500 apud
1240 1436 1455 1493 Nahum,
1470 1438 1581 1501 Cap.
1604 1438 1684 1484 111.
1710 1451 1752 1498 3.
1772 1451 1817 1495 4
1838 1439 1954 1499 apud
1977 1438 2155 1500 Joseam
2175 1437 2286 1498 Cap.
2316 1435 2403 1483 IV.

421 1509 468 1560 7.
502 1517 572 1550 10.
611 1517 696 1552 11:
727 1514 823 1549 tum
844 1502 990 1550 Levit.
1015 1503 1118 1550 XX.
1144 1516 1189 1561 5.
1213 1502 1356 1550 Num.
1383 1502 1514 1549 XIV.
1542 1516 1617 1562 33.
1638 1503 1738 1563 Cap
1772 1501 1884 1548 XV.
1911 1515 1999 1563 39,
2033 1500 2085 1549 &
2104 1501 2207 1549 alibi
2258 1499 2399 1547 Idcir-

418 1580 480 1612 co
497 1567 635 1615 etiam
659 1567 784 1615 Gens
801 1567 990 1629 Judaica
1011 1582 1038 1614 a
1059 1568 1262 1615 Domino
1282 1579 1448 1616 vocata
1467 1565 1534 1616 est
1552 1566 1766 1614 Generatio
1786 1565 1966 1614 adultera
1973 1565 2176 1627 ,Matth.
2198 1564 2303 1614 XII.
2321 1579 2395 1628 39.

418 1630 532 1694 Cap.
559 1631 692 1679 XVI.
713 1644 762 1690 4.
789 1632 942 1679 Marc.
965 1631 1097 1680 VIII.
1126 1637 1203 1693 38.
2245 1648 2249 1653 ·

424 1790 432 1859 ss
530 1761 763 1866 Quod
789 1780 1146 1866 quantum
1175 1762 1333 1867 quis
1364 1762 1601 1841 omnis
1641 1761 1923 1867 generis
1947 1763 2177 1842 Furta
2205 1781 2289 1841 ut

455 1929 467 1965 7
559 1890 878 1975 peccata
911 1870 1097 1979 fingit
1117 1931 1143 1967 ,
1166 1891 1450 1952 tantum
1481 1871 1987 1951 sinceritatem
2017 1892 2233 1950 amet.

451 2032 527 2081 80.
553 2036 690 2147 Per
723 2027 861 2077 furari
888 2027 934 2077 in
963 2029 1150 2079 naturali
1179 2028 1301 2079 sensu
1332 2046 1424 2081 non
1443 2028 1585 2078 modo
1606 2028 1862 2092 intelligitur
1881 2029 2018 2079 furari
2039 2027 2089 2078 &
2112 2029 2397 2089 latrocinari,

657 2091 733 2141 sed
754 2093 892 2142 etiam
911 2093 1194 2154 defraudare,
1208 2095 1259 2144 ἃ
1279 2096 1357 2144 sub
1375 2096 1519 2158 aliqua
1538 2095 1685 2156 specie
1710 2094 1836 2141 alteri
1855 2094 1942 2141 sua·
1954 2096 2072 2142 bona
2091 2094 2293 2142 auferre:
2313 2110 2396 2155 per
2472 2123 2475 2159 l

416 2155 555 2205 furari
574 2169 725 2205 autem
742 2158 787 2205 in
811 2157 1019 2220 spirituali
1038 2159 1159 2206 sensu
1181 2160 1436 2221 intelligitur
1457 2159 1693 2218 deprivare
1714 2157 1852 2204 alium
1874 2157 1961 2204 suae
1980 2158 2089 2205 fidei
2109 2158 2223 2205 veris
2242 2157 2291 2204 ἃ
2308 2158 2395 2206 suae
2467 2164 2473 2236 j

416 2221 644 2270 charitatis
676 2222 825 2270 bonis:
859 2223 904 2269 in
934 2223 1138 2283 supremo
1167 2238 1278 2270 vero
1309 2223 1428 2270 sensu
1458 2237 1536 2282 per
1566 2222 1700 2269 furari
1722 2222 1977 2283 intelligitur
1997 2220 2173 2269 auferre
2192 2222 2396 2271 Domino
2467 2237 2472 2268 ε.

417 2287 516 2347 quae
542 2285 683 2346 ,Ipsius
714 2284 834 2342 sunt,
869 2284 919 2332 ἃ
939 2285 1021 2333 fibi
1046 2287 1117 2334 illa
1134 2286 1393 2344 attribuere,
1428 2286 1492 2334 ita
1509 2285 1740 2332 vindicare
1761 2283 1839 2332 fibi
1856 2282 2070 2346 justitiam
2089 2284 2139 2333 ἃ
2159 2285 2392 2337 meritum:
2468 2277 2473 2320 ¹³,

417 2348 516 2397 haec
541 2348 636 2396 sunt
664 2349 811 2396 omnis
831 2349 1007 2411 generis
1030 2349 1065 2395 F
1067 2349 1251 2407 urta3&
1272 2365 1447 2412 quoque
1467 2365 1605 2396 unum
1624 2349 1818 2406 faciunt,
1851 2348 1963 2396 ficut
1983 2349 2127 2397 omnis
2143 2351 2317 2412 generis
2341 2367 2389 2399 a·
2479 2361 2485 2392 ἰ

416 2413 604 2462 dulteria
617 2450 631 2471 ,
665 2411 715 2462 δι
738 2415 882 2461 omnis
899 2414 1072 2478 generis
1090 2414 1361 2474 homicidia,
1395 2415 1453 2463 de
1472 2415 1629 2477 quibus
1647 2415 1789 2476 prius:
1823 2414 1943 2476 quod
1965 2429 2100 2462 unum
2119 2413 2393 2476 faciant,est

418 2477 522 2543 quia
543 2492 679 2525 unum
700 2477 766 2526 est
787 2478 833 2526 in
851 2480 1004 2527 altero.

483 2547 559 2594 81.
595 2544 775 2590 Malum
794 2542 900 2591 furti
922 2544 1055 2591 intrat
1075 2541 1203 2590 altius
1221 2542 1339 2605 apud
1362 2543 1589 2592 hominem
1601 2579 1617 2603 ,
1649 2558 1783 2608 quam
1802 2540 1923 2590 aliud
1943 2541 2168 2605 quoddam
2190 2544 2384 2602 malum,

447 2609 523 2660 uia
551 2597 683 2655 co?
659 2604 1647 2672 une—affletfflm„.21.tfijfflsszaeastas
1666 2607 2387 2673 &trorum-tia-finnafiffflzffieffi

413 2671 683 2735 spiritualem
713 2665 909 2722 Hominis
938 2685 1165 2730 mentem,
1199 2673 1245 2721 in
1271 2689 1357 2736 qua
1375 2671 1441 2721 est
1459 2673 1679 2735 cogitatio
1701 2673 1794 2737 ejus
1815 2688 1919 2720 cum
1939 2673 2176 2723 intellectu.
2243 2674 2383 2742 Quod
2469 2718 2475 2742 ᾗ

415 2736 588 2785 homini
611 2738 746 2785 Mens
774 2738 1008 2802 spiritualis
1028 2736 1079 2786 δι
1103 2739 1240 2786 Mens
1265 2738 1467 2786 naturalis
1502 2738 1554 2786 fit
1567 2772 1586 2796 ,
1614 2738 1737 2787 infra
1760 2737 1995 2788 videbitur.
2468 2748 2473 2761 ²

482 2806 557 2853 82.
590 2800 726 2866 Quod
758 2817 971 2865 quantum
1003 2803 1098 2865 quis
1126 2801 1293 2849 furtum
1327 2816 1375 2851 ut
1398 2815 1633 2865 peccatum
1656 2803 1797 2867 fugit,
1827 2815 2000 2851 tantum
2017 2801 2312 2852 finceritatem
2335 2818 2384 2854 a·

413 2878 509 2913 met
523 2901 539 2924 ‚
571 2865 637 2914 est
667 2865 768 2929 quia
796 2867 963 2915 furtum
984 2868 1122 2915 etiam
1140 2865 1206 2914 est
1223 2867 1362 2925 fraus,
1398 2883 1452 2916 ac
1471 2868 1588 2917 fraus
1608 2868 1657 2916 δι
1677 2867 1900 2917 sinceritas
1920 2867 2016 2917 sunt
2034 2868 2125 2916 duo
2143 2868 2377 2934 opposita,

415 2945 549 2995 quare
570 2944 782 2993 quantum
800 2932 894 2994 quis
914 2934 1065 2981 nonin
1085 2930 1243 2979 fraude
1261 2929 1352 2987 est,
1386 2945 1557 2982 tanturn
1579 2934 1623 2982 in
1645 2934 1895 2983 finceritate
1917 2932 1998 2982 est.
2157 2952 2162 2955 ·

482 2996 556 3057 83.
591 2996 675 3043 Per
706 2994 1001 3045 sinceritatem
1021 2996 1157 3043 etiam
1174 2996 1426 3060 intelligitur
1447 3001 1704 3062 integritas,
1739 2998 1939 3062 Justitia‚
1958 2998 2169 3047 Fidelitas
2189 2997 2237 3048 ἃ
2256 2999 2378 3048 Rec-

413 3059 585 3108 titudo:
620 3061 666 3108 in
690 3058 757 3107 his
787 3061 925 3108 homo
946 3076 1034 3109 non
1054 3059 1199 3123 potest
1219 3060 1308 3109 effe
1326 3078 1353 3110 a
1375 3061 1419 3111 se
1446 3064 1507 3110 ita
1528 3079 1575 3111 ut
1603 3076 1723 3113 amet
1741 3066 1813 3112 illa
1834 3079 1891 3111 ex
1911 3063 1991 3112 illis
2010 3063 2062 3112 ὅ(
2082 3077 2265 3127 propter
2283 3066 2379 3113 illa:

412 3123 489 3172 sed
521 3125 594 3187 qui
624 3125 736 3186 fugat
764 3124 965 3182 fraudes,
1001 3125 1115 3174 astus
1150 3124 1200 3174 δι
1221 3126 1346 3174 dolos
1363 3141 1411 3174 ut
1433 3143 1643 3189 peccata,
1679 3130 1714 3177 is
1735 3130 1781 3177 in
1804 3128 1887 3176 illis
1908 3128 1973 3177 ita
1995 3129 2059 3177 est
2084 3145 2173 3177 non
2195 3146 2221 3177 a
2240 3130 2284 3177 se
2308 3129 2382 3175 sed

411 3203 446 3236 a
467 3189 697 3249 Domino,
726 3202 782 3256 *ut
802 3190 930 3254 supra
948 3205 992 3238 n.
1023 3197 1078 3244 13
1102 3189 1159 3239 ad
1188 3207 1213 3253 3
1273 3189 1493 3240 ostensum
1514 3193 1599 3243 est:
1634 3193 1698 3242 ita
1717 3193 1962 3254 Sacerdos,
1996 3195 2060 3243 ita
2082 3194 2267 3243 Persona
2287 3208 2383 3239 ma·

1372 3259 1419 3307 D
1455 3272 1482 3305 2
2321 3258 2388 3319 gi-
