2508 3432
211 137 319 216 ,428
566 150 689 193 nn
775 143 1033 193 NovA
1112 125 1885 197 HrssnosoLYMn

228 270 415 315 metata
437 256 548 312 sunt
585 274 616 308 n
635 276 647 307 :
667 267 701 324 7
709 270 757 325 ς,
797 254 905 308 sunt
929 255 1238 319 communia,
1277 257 1481 330 reliqua,
1509 276 1620 331 quae
1645 276 1747 310 non
1773 254 2061 313 enumerata
2093 261 2223 329 sunt,

231 336 348 404 quia
373 333 483 384 sunt
507 329 748 401 specifica,
787 329 1066 383 derivantur
1091 331 1143 382 ὅτ.
1169 329 1332 383 fluunt
1351 349 1414 383 ex
1441 332 1552 389 illis.
1631 333 1756 385 Inde
1782 334 2000 387 constare
2043 337 2219 408 potest,
2274 384 2276 387 ,

230 407 365 477 quod
404 404 580 465 homo,
620 404 738 472 quia
779 403 989 457 nascitur
1033 404 1086 456 in
1130 404 1274 458 binos
1317 405 1427 458 illos
1467 425 1677 471 amore8‚
1731 407 1950 460 nascatur
1992 410 2044 461 in
2088 410 2221 463 mala

232 497 395 534 omnis
467 495 641 532 eneris.

311 553 395 607 80.
433 497 508 605 {3st
546 551 705 605 homo
737 550 854 604 sciat
880 550 1037 615 Mala,
1078 552 1196 605 scire
1219 553 1369 607 debet
1407 555 1617 626 origines
1656 554 1876 618 illorum,
1917 557 1968 608 &
1996 556 2081 609 nifi
2106 557 2222 611 sciat

229 629 388 690 Mala,
427 645 528 679 non
553 625 672 678 scire
698 626 858 697 potest
883 627 1037 690 Bona,
1078 628 1145 679 ita
1173 646 1274 681 non
1301 629 1460 700 potest
1479 631 1596 682 scire
1635 627 1792 700 qualis
1816 630 1886 683 est
1909 651 1921 683 :
1979 631 2093 684 inde
2127 633 2217 697 est,

228 701 366 773 quod
393 700 455 753 de
482 699 608 753 binis
647 700 741 753 inis
778 699 1051 772 originibus
1087 701 1339 756 malorum
1374 703 1459 756 hic
1497 707 1667 756 actum
1702 704 1775 756 fit.

497 1160 500 1163 ⁵
561 1039 723 1139 Ex
775 1037 1213 1145 Arcanis
1267 1036 1887 1145 Coelestibus.

223 1249 306 1295 81.
325 1241 495 1353 DE
515 1247 741 1296 Amoribus
774 1248 851 1311 sui
896 1246 952 1297 &³
991 1251 1148 1299 mundi.
1219 1249 1348 1298 Sicut
1383 1251 1536 1298 Amor
1579 1250 1626 1297 in
1666 1248 1941 1305 Dominum,
1976 1247 2027 1296 &
2068 1247 2221 1298 Amor
2277 1238 2281 1241 γ

331 1322 334 1327 ·
479 1329 586 1377 erga
629 1315 898 1378 proximum
936 1313 1010 1364 seu
1050 1316 1290 1373 Charitas,
1316 1315 1485 1364 faciunt
1509 1315 1716 1372 Coelum,
1763 1316 1825 1362 ita
1863 1316 2016 1361 Amor
2060 1314 2123 1362 sui
2169 1318 2221 1364 δε

479 1383 633 1428 Amor
672 1381 852 1438 mundi,
885 1380 965 1430 ubi
1005 1395 1211 1445 regnant,
1245 1381 1415 1430 faciunt
1450 1380 1719 1436 Infernum;
1765 1395 1901 1444 quare
1934 1380 2034 1428 sunt
2072 1396 2219 1446 oppo-

223 1442 312 1499 fiti,
346 1458 415 1492 n:
442 1459 586 1503 2041.
625 1446 770 1506 3610.
810 1462 958 1509 4225.
1000 1450 1147 1509 4776.
1191 1450 1335 1496 6210.
1376 1447 1517 1509 7366.
1556 1448 1698 1510 7369.
1728 1450 1871 1508 7480.
1899 1462 2041 1510 7490.
2073 1450 2216 1508 8232.

227 1509 371 1571 8678.
402 1524 575 1570 10455.
608 1522 781 1570 10741.
808 1523 980 1571 10742.
1007 1526 1180 1573 10743.
1205 1525 1379 1573 10745.
1449 1512 1596 1569 Quod
1617 1525 1675 1556 ex
1698 1514 1875 1556 Amore
1897 1511 1961 1567 sui
1984 1513 2034 1557 &
2059 1513 2222 1559 mundi

221 1573 376 1621 omnia
399 1573 534 1630 mala,
568 1588 635 1620 n:
669 1588 812 1635 1307.
847 1579 986 1635 1308.
1019 1591 1158 1635 1321.
1190 1592 1330 1636 1594.
1362 1575 1502 1635 1691.
1530 1588 1853 1636 3413..7255.
1891 1575 2033 1637 7376.
2073 1579 2218 1638 7480.

225 1641 370 1702 7488.
400 1640 541 1701 8318.
569 1652 716 1700 9335.
741 1641 886 1701 9348.
913 1641 1084 1699 10038.
1111 1652 1284 1700 10742.
1353 1637 1500 1695 Quod
1538 1653 1596 1684 ex
1619 1640 1796 1683 Amore
1818 1637 1881 1683 sui
1904 1639 1954 1684 &
1981 1640 2141 1685 mundi
2165 1640 2218 1688 fit

221 1713 481 1752 contemtus
523 1701 733 1758 aliorum,
785 1702 1035 1758 inimicitia,
1086 1703 1266 1759 odium,
1318 1701 1532 1758 vindicta,
1581 1701 1767 1758 saevitia,
1813 1701 1924 1758 doli,
1975 1704 2036 1750 ita
2079 1719 2218 1752 omne

224 1768 415 1824 malum,
451 1770 501 1818 ὅτ
522 1767 677 1816 omnis
700 1765 886 1825 malitia,
922 1783 983 1815 n:
1012 1769 1153 1830 6667.
1177 1782 1319 1831 7372.
1341 1780 1483 1831 7373.
1507 1781 1647 1830 7374.
1670 1770 1815 1831 9348.
1842 1770 2014 1832 10038.
2041 1784 2214 1832 10742.

216 1834 371 1899 ·Qod
408 1833 472 1881 illi
498 1835 695 1882 Amores
735 1845 884 1889 ruant,
918 1846 1141 1897 quantum
1178 1835 1241 1881 eis
1282 1832 1484 1880 laxantur
1517 1831 1688 1888 fraena;
1725 1834 1775 1881 &
1809 1834 1936 1896 quod
1961 1835 2114 1883 Amor
2149 1835 2215 1884 sui

219 1899 360 1964 usque
382 1900 440 1948 ad
464 1899 679 1947 thronum
703 1899 809 1957 Dei,
845 1915 906 1947 n:
930 1915 1071 1964 7375.
1100 1899 1242 1963 8678.
1311 1898 1457 1963 Qod
1483 1900 1636 1947 Amor
1673 1897 1738 1946 sui
1775 1899 1826 1948 δε
1863 1900 2018 1948 Amor
2053 1902 2218 1950 mundi

220 1966 308 2014 sint
351 1965 614 2013 destruitivi
657 1964 876 2013 societatis
919 1965 1148 2023 humanae,
1206 1967 1257 2013 &
1298 1965 1470 2013 ordinis
1514 1963 1724 2020 coelestis,
1776 1981 1844 2013 n:
1883 1980 2026 2027 2045.
2053 1983 2213 2029 ¹2057.

221 2032 550 2097 Qod-Genus
577 2032 852 2080 Humanum
890 2045 1076 2095 propter
1101 2032 1201 2080 illos
1223 2033 1424 2080 Amores
1457 2031 1639 2079 iniverit
1662 2030 1924 2093 Regimina,
1959 2031 2009 2078 ὅτ
2040 2030 2083 2078 se
2110 2031 2215 2079 sub-

219 2098 404 2163 jecerint
440 2097 662 2162 Imperiis,
708 2109 761 2145 ut
796 2097 885 2146 tuti
907 2098 1074 2155 client,
1125 2114 1157 2146 n
1181 2116 1194 2147 t
1221 2099 1365 2161 7364.
1399 2097 1568 2146 10160.
1603 2099 1774 2154 10814.
1846 2095 1992 2160 Qod
2033 2096 2111 2144 ubi
2149 2097 2215 2145 illi

219 2167 420 2215 Amores
457 2176 664 2228 regnant,
700 2163 874 2212 bonum
913 2165 1078 2212 amoris
1116 2164 1167 2212 &
1202 2163 1375 2212 bonum
1412 2163 1534 2219 fidei,
1570 2161 1642 2210 vel
1678 2160 1946 2225 rejiciantur,
1980 2162 2052 2209 vel
2076 2161 2214 2211 suffo-

217 2242 395 2287 centur,
430 2230 502 2277 vel
521 2241 853 2293 pervertantur,
888 2246 920 2277 n
946 2249 958 2278 :
986 2245 1131 2289 2041.
1161 2245 1303 2294 7491.
1329 2243 1473 2292 7492.
1502 2229 1644 2292 7643.
1674 2230 1816 2291 8487.
1837 2243 2012 2291 10455.
2038 2244 2210 2291 10743.

221 2296 368 2362 Qod
407 2296 453 2343 in
494 2295 580 2343 illis
602 2295 854 2344 Amoribus
882 2310 980 2344 non
1018 2296 1074 2344 fit
1095 2295 1207 2352 vita,
1242 2295 1316 2343 sed
1339 2310 1462 2343 mors
1484 2294 1737 2359 spiritualis,
1772 2311 1801 2341 n
1824 2304 2006 2359 2'7494.
2038 2309 2212 2358 10731.

224 2376 399 2427 10741.
469 2361 641 2426 Qales
670 2362 736 2411 iili
757 2363 955 2410 Amores
976 2360 1096 2418 sunt,
1130 2361 1409 2416 describitur,
1443 2377 1472 2408 n
1498 2371 1511 2409 :'
1542 2377 1682 2424 1505.
1717 2377 1860 2425 2219.
1895 2359 2036 2423 2363.
2065 2361 2208 2422 2364.

222 2443 371 2502 2444..
398 2442 544 2487 4221.
577 2441 729 2502 4227.
749 2442 896 2502 4947.
920 2443 1069 2490 4949.
1099 2441 1245 2502 5721.
1272 2426 1399 2490 7366
1422 2425 1476 2472 ad
1494 2441 1648 2500 7377.
1677 2426 1820 2486 8678.
1888 2423 2035 2481 Quod
2058 2425 2210 2472 omnis

211 2492 441 2557 cupid1tas
463 2492 514 2540 &
535 2491 896 2555 concupiscentia
919 2492 973 2539 fit
995 2507 1160 2539 amoris
1183 2490 1249 2539 sui
1270 2491 1322 2539 &
1345 2491 1525 2546 mundi,
1560 2507 1619 2546 n:
1644 2489 1781 2536 1668.
1811 2491 1954 2551 8910.

285 2558 432 2622 Qod
455 2559 653 2605 Amores
668 2557 741 2605 ‘sui
765 2559 814 2606 &
839 2558 1002 2606 mundi
1024 2556 1262 2604 inserviant
1283 2571 1368 2618 pro
1391 2555 1569 2611 mediis,
1602 2554 1652 2601 &
1688 2553 1939 2600 nullatenus
1977 2567 2060 2618 pro
2095 2553 2204 2612 fine,

220 2641 251 2672 n
273 2642 285 2672 :
311 2638 451 2685 7377.
477 2628 617 2687 7819.
642 2628 785 2686 7820.
846 2625 970 2672 Cum
996 2621 1264 2671 reformatur
1286 2622 1445 2676 homo,
1479 2619 1608 2682 quod
1630 2621 1908 2667 invertantur
1930 2620 1993 2667 ini
2017 2635 2208 2678 amores,

220 2701 276 2739 ut
297 2686 381 2736 lint
404 2702 488 2751 pro
522 2689 680 2736 mediis
712 2690 760 2736 &
794 2704 884 2737 non
918 2696 1004 2753 pro
1037 2688 1142 2745 fine,
1179 2687 1239 2734 ita
1267 2697 1319 2733 ut
1349 2685 1434 2733 sint
1466 2684 1577 2732 ficut
1609 2684 1776 2748 plantae
1808 2686 1996 2748 pedum,
2030 2687 2080 2734 ὅτ
2114 2702 2208 2735 non

221 2755 336 2803 ficut
371 2766 523 2818 caput,
565 2770 599 2801 11
622 2772 638 2803 2
668 2758 810 2818 8995.
847 2770 991 2819 9210.
1061 2753 1209 2817 Qod
1248 2752 1372 2815 apud
1410 2750 1526 2806 illos,
1561 2751 1640 2813 qui
1681 2752 1727 2797 in
1764 2752 2014 2799 Amoribus
2055 2751 2119 2799 sui
2155 2753 2207 2800 &

216 2819 387 2870 mundi
426 2819 544 2874 sunt,
578 2835 670 2866 non
705 2821 938 2867 Internum
983 2820 1036 2868 fit
1079 2819 1154 2868 sed
1189 2818 1445 2866 Externum
1487 2815 1648 2879 absque
1686 2817 1884 2875 Interno‚
1919 2819 2024 2882 quia
2062 2819 2202 2866 Inter-

219 2901 337 2933 num
377 2883 442 2931 est
479 2882 683 2930 clausurn
715 2884 864 2932 versus
899 2887 1108 2943 Coelum,
1148 2895 1192 2933 at
1229 2884 1485 2932 Externum
1528 2896 1732 2946 apertum
1771 2883 2204 2942 versummundum,

218 2949 501 3064 25020311963}
523 2963 1120 3073 3353822203503355.
1137 2963 1514 3080 ¹3312²h÷¹153t²232
1547 2949 2204 3078 qffi‘ssofiksiessssssstss‘sss

215 3082 331 3133 ‘Yita
352 3081 492 3138 Coeli,
529 3096 589 3130 n:
618 3096 764 3148 7490.*
833 3081 980 3149 Qod
1020 3094 1244 3149 quantum
1278 3081 1422 3131 homo
1459 3081 1506 3131 in
1529 3083 1706 3132 Amore
1739 3081 1805 3130 sui
1837 3082 1888 3131 &
1923 3080 2086 3129 mundi
2107 3079 2203 3194 test,

483 3164 504 3198 1
1937 3155 1944 3161 ·
2031 3158 2105 3195 tan
2128 3161 2208 3195 um
