2502 3432
309 162 390 227 16
684 160 829 226 DE
910 162 1317 228 VERBO
1395 165 1548 231 ET
1628 167 1925 260 Ejus

296 285 450 338 Sensu
474 284 678 337 Interno
703 286 755 337 in
781 285 992 359 pulchra
1028 286 1148 340 serie
1185 288 1494 343 continenter
1518 289 1785 356 cohaerent‚
1824 310 1893 347 n:
1917 309 2083 366 7153.
2126 313 2293 366 9022.

297 358 453 427 Qd
480 377 579 411 non
607 359 754 412 unica
779 379 894 424 vox,
933 378 995 414 ne
1021 361 1231 432 quidem
1255 363 1402 416 unica
1433 364 1576 437 jotha
1612 365 1663 419 in
1688 366 1889 438 Lingua
1923 368 2010 421 sua
2047 369 2294 441 originali,

295 431 455 485 abesse
488 446 638 504 queat
671 434 726 487 in
749 435 904 487 Verbi
943 435 1094 488 Sensu
1134 436 1282 489 literae
1324 437 1509 509 absque
1527 440 1901 513 »interruptione
1938 442 1990 494 in
2028 443 2182 496 Sensu
2215 444 2300 498 in-

297 519 440 561 terno
457 534 474 572 ;
511 509 565 560 ὅτ
589 509 726 579 quod
765 509 879 563 ideo
915 527 979 562 ex
1006 510 1192 563 Divina
1218 512 1430 564 Domini
1454 513 1784 582 {Providentia
1805 516 2036 569 Verbum
2075 528 2181 571 tam
2216 518 2298 571 in-

296 594 498 652 tegrum
539 581 881 636 conservatum
913 583 972 636 fit
1004 584 1067 636 ad
1106 603 1317 638 omnem
1359 586 1573 658 apicem,
1612 607 1868 663 n27933.
1946 591 2102 658 Qod
2148 592 2300 644 innu-

296 656 551 708 merabilia
589 656 736 709 infint
761 658 962 728 singulis
986 658 1161 722 Verbi,
1198 678 1234 711 n
1256 681 1268 711 ε
1294 661 1458 731 6637.
1500 661 1663 732 8920.
1741 665 1809 716 Et
1853 664 2123 735 unicuique
2165 666 2297 732 voci,

295 747 362 782 n:
390 729 548 800 1689.
625 730 781 797 Qod
809 732 1189 786 innumerabilia
1214 733 1307 786 fint
1345 734 1396 786 in
1423 735 1664 789 Oratione
1689 736 1978 802 Dominica,
2020 740 2072 790 &
2106 739 2159 792 in
2197 739 2297 791 fin-

294 804 424 875 gulis
467 805 588 873 ejus,
626 821 691 855 n:
715 804 877 875 6619.
955 806 1024 857 Et
1068 806 1119 858 in
1164 809 1419 880 praeceptis
1449 810 1692 881 Decalogi
1712 835 1726 872 ;
1778 811 1828 862 in
1870 830 2089 882 quorum
2126 826 2297 866 tamen

294 877 434 931 sensu
459 888 666 929 externo
692 877 858 949 aliqua
882 878 997 931 talia
1022 879 1148 944 sunt,
1195 900 1306 952 quae
1331 896 1448 936 nota
1472 884 1586 938 sunt
1624 885 1895 955 unicuique
1921 886 2075 937 Genti
2115 886 2299 957 absque

296 951 641 1015 Revelatione‚
667 970 702 1003 n
724 972 736 1003 ε
765 951 927 1026 8867.
968 953 1131 1023 8900.
1210 956 1366 1018 Quod
1392 958 1444 1009 in
1473 959 1651 1028 quovis
1677 959 1952 1012 Corniculo
1977 959 2126 1011 literae
2145 959 2302 1013 Verbi

300 1027 354 1079 in
379 1026 577 1096 Lingua
615 1026 841 1096 originali
881 1026 939 1079 fit
963 1027 1206 1092 sancitum,
1255 1030 1506 1083 ostensum
1543 1052 1571 1085 e
1597 1033 1763 1094 Coelo,
1802 1034 2028 1086 videatur
2052 1034 2106 1086 in
2134 1033 2300 1106 Opere

300 1118 373 1152 m:
404 1101 568 1154 Coeto
609 1117 686 1153 ET
714 1101 985 1165 Ins-mum,
1032 1123 1098 1156 n:
1125 1105 1251 1167 260,
1294 1105 1382 1156 ubi
1407 1106 1717 1176 explicantur
1744 1107 1958 1158 Domini
1984 1106 2150 1168 verba,
2176 1106 2300 1176 quod

293 1193 384 1227 non
418 1173 567 1300 {otha
619 1193 765 1227 unum
808 1175 866 1229 &⁹
909 1176 1200 1231 corniculum
1251 1196 1396 1232 unum
1440 1177 1726 1252 praeterebit
1779 1179 1836 1231 de
1873 1181 2024 1250 Lege,
2086 1179 2297 1232 Matthff:

303 1266 373 1301 v:
405 1265 424 1300 1
476 1288 487 1301 .

371 1323 528 1393 Qod
569 1322 622 1375 in
655 1322 828 1375 Verbo
872 1323 1121 1396 imprimis
1160 1324 1459 1396 Prophetico
1502 1326 1597 1378 sint
1639 1325 1768 1377 binae
1812 1324 2148 1397 exprefiiones
2177 1324 2303 1378 ficut

302 1398 523 1467 ejusdem
548 1396 634 1457 rei,
673 1395 755 1447 sed
794 1397 933 1466 quod
972 1415 1071 1448 una
1108 1397 1155 1449 se
1193 1398 1370 1450 referat
1406 1399 1469 1450 ad
1509 1400 1703 1452 bonum
1742 1400 1796 1451 δε
1831 1399 1996 1452 altera·
2017 1399 2080 1451 ad
2104 1416 2300 1462 verum,

297 1490 332 1523 n
355 1490 368 1522 z
394 1468 518 1539 683.
546 1486 674 1543 707.
706 1472 869 1539 2516.
902 1469 1063 1541 8339.
1141 1473 1297 1535 Quod
1338 1472 1390 1525 in
1414 1473 1586 1526 Verbo
1622 1474 1754 1526 bona
1794 1475 1847 1526 ὅτ.
1885 1473 2297 1544 veraconjuneca

296 1544 392 1597 fint
436 1543 743 1607 mirabiliter,
794 1546 846 1597 δε
891 1546 1030 1615 quod
1074 1545 1158 1597 iila
1194 1547 1479 1615 conjunffio
1523 1547 1687 1599 solum
1725 1560 1955 1618 appareat
1998 1548 2044 1599 ei
2081 1548 2170 1617 qui
2209 1547 2297 1599 scit

298 1618 506 1671 Sensum
547 1620 827 1681 Internum,
866 1638 932 1670 n:
961 1636 1062 1689 105
1071 1636 1156 1688 54.
1233 1621 1302 1670 Et
1340 1619 1406 1670 fic
1449 1621 1588 1689 quod
1624 1620 1879 1671 in.Verbo
1913 1621 1966 1671 δι
2002 1621 2067 1671 in
2093 1619 2300 1690 singulis

295 1694 399 1765 ejus
425 1691 484 1743 sit
507 1693 816 1762 Conjugium
832 1692 1080 1743 Divinum
1104 1694 1158 1743 ὅτ
1184 1693 1502 1763 Conjugium
1518 1692 1732 1755 coeleste‚
1759 1711 1795 1744 n
1816 1692 1920 1745 ;.68
1929 1710 1979 1763 3.
2007 1708 2136 1763 793.
2169 1695 2294 1746 801.

293 1781 464 1836 ²173·
508 1766 671 1836 2516.
725 1781 886 1837 2712.
943 1766 1104 1836 5138.
1149 1781 1315 1836 7022.
1395 1765 2010 1837 Coniugium-Divinum,
2049 1767 2191 1837 quod
2225 1767 2300 1819 est

295 1839 604 1911 Conjugium
631 1838 805 1891 Divini
830 1840 958 1890 Bon-i
980 1840 1033 1891 δε
1058 1840 1232 1892 Divini
1255 1840 1391 1902 Veri,
1430 1840 1507 1892 ita·
1526 1840 1780 1894 Dominus
1806 1840 1857 1891 in
1884 1840 2049 1903 Coelo,
2084 1840 2140 1891 in
2169 1841 2292 1903 Quo

299 1915 418 1968 Solo
457 1914 527 1965 ibi
567 1913 618 1964 id
642 1914 972 1983 Conjugium,
1012 1933 1082 1966 n:
1110 1931 1291 1983 3004..
1317 1930 1478 1984 3005.
1524 1932 1685 1984 3009.
1727 1912 1892 1986 4158.
1942 1918 2110 1984 5194.
2138 1930 2298 1985 5502.

298 1993 469 2060 6343.
493 2004 660 2060 7945.
691 1987 852 2058 8339.
884 1993 1056 2058 9263..
1076 2006 1237 2058 9314.
1315 1988 1471 2050 Quod
1510 2006 1597 2059 per
1621 1988 1795 2056 Jesum
1819 1988 1971 2039 etiam
1990 1986 2290 2057 significetur

299 2064 551 2116 Divinum
577 2063 796 2123 Bonum,
822 2064 874 2114 δε
901 2079 987 2133 per
1012 2059 1273 2116 Christum
1299 2063 1547 2116 Divinum
1572 2062 1784 2125 Verum,
1813 2063 1865 2114 ἃ
1890 2061 2084 2132 stepen
2102 2072 2300 2112 utrum-

297 2156 400 2210 que
424 2137 733 2207 Conjugium
755 2137 1002 2190 Divinum
1028 2136 1077 2188 in
1101 2138 1280 2201 Coe10,‡
1303 2156 1365 2189 n:
1391 2153 1552 2207 3004.
1584 2153 1745 2207 3005.
1775 2152 1958 2205 3009,
2015 2133 2171 2196 Quod
2197 2133 2296 2186 hoc

301 2213 613 2284 Conjugium
651 2210 709 2263 fit
744 2213 797 2263 in
835 2211 1034 2282 fingulis
1059 2212 1213 2262 Verbi
1251 2213 1302 2263 in
1330 2211 1479 2264 Sensu
1517 2212 1623 2282 ejus
1664 2211 1883 2271 Interno,
1933 2209 2000 2260 ita
2038 2207 2292 2260 Dominus

302 2286 469 2358 quoad
513 2286 759 2337 Divinum
785 2287 987 2338 Bonum
1027 2287 1079 2336 ὅε
1114 2286 1369 2339 Divinum
1394 2286 1608 2354 Verum,
1653 2302 1717 2336 n:
1743 2299 1924 2353 5502.-
1983 2281 2139 2345 Quod
2164 2283 2306 2334 Con-

297 2360 502 2432 jugium
524 2359 647 2411 boni
685 2361 737 2410 ὅτ.
763 2359 862 2409 veri
902 2377 932 2409 a
956 2358 1200 2410 Domino·
1222 2360 1275 2410 in
1292 2359 1451 2411 Coelo
1487 2359 1540 2409 ὅτ.
1565 2359 1618 2409 in
1646 2356 1883 2409 Ecclefla·
1905 2354 1963 2407 fit
1989 2355 2127 2426 quod
2153 2372 2302 2407 voca,-

307 2448 388 2486 tur
416 2433 725 2504 Conjugium
764 2431 980 2494 coeleste‚
1021 2431 1278 2499 n:2508.
1318 2430 1480 2485 26³8.
1528 2430 1692 2502 2803.
1738 2447 1902 2499 3004.
1947 2445 2109 2498 3211.
2139 2444 2300 2498 3952.

309 2511 475 2581 6179.
550 2507 627 2559 Ita
651 2507 789 2577 quod
827 2508 877 2558 in
915 2524 976 2558 eo
1002 2505 1221 2577 respeQu
1244 2506 1473 2559 Verbum
1512 2506 1571 2558 fit
1606 2504 1742 2575 quafi
1769 2502 1995 2566 Coelum,
2035 2521 2106 2555 n:
2138 2518 2298 2572 2173·

317 2584 512 2636 10126.
589 2581 747 2651 Qd
784 2581 990 2632 Coelum
1032 2580 1318 2632 aflimiletur
1358 2579 1608 2650 Coniugio
1653 2579 1704 2637 in
1733 2577 1906 2632 Verbo
1950 2594 2016 2629 ex
2053 2576 2303 2648 Conjugi'o

313 2658 510 2710 boni&
537 2657 639 2708 veri
666 2655 753 2717 ibi,
792 2673 825 2707 n
848 2675 859 2706 ε
886 2653 1049 2725 2758.
1081 2672 1243 2725 3132.
1272 2672 1438 2724 4434.
1466 2652 1633 2724 4834.

387 2730 544 2800 Qod
570 2729 744 2782 Sensus
768 2730 987 2782 internus
1010 2728 1067 2780 fit
1105 2731 1206 2800 ipsa
1241 2729 1455 2799 genuina
1481 2723 1999 2790 DoCt‘rinaE'ccleflae,
2043 2743 2111 2776 n:
2134 2738 2295 2800 9025.

317 2823 479 2874 9430.
510 2822 704 2870 10401.
782 2803 936 2872 Qod
976 2803 1064 2873 qui
1103 2801 1385 2873 intelligunt
1409 2802 1639 2854 Verbum
1679 2799 1952 2853 secundum
1979 2797 2184 2850 Sensum
2219 2795 2299 2845 in-

315 2892 532 2938 ternum,
573 2878 645 2929 illi
681 2877 831 2930 sciant
872 2877 1028 2950 ipsam
1052 2895 1222 2929 veram
1246 2876 1545 2930 Dotstrinam
1571 2873 1821 2937 Ecclefiae,
1859 2873 1975 2944 quia
2011 2869 2182 2922 Sensus
2219 2868 2295 2918 in-

316 2963 482 3001 ternus
509 2950 646 3001 illam
671 2953 906 3014 continet,
944 2970 1011 3002 n.-
1034 2969 1138 3020 902
1148 2969 1198 3022 5.
1227 2969 1392 3028 9430.
1426 2966 1622 3019 10401.
1687 2947 1842 3019 Qod
1867 2948 2125 2997 Internum
2142 2941 2299 2993 Verbi

317 3025 467 3076 etiam
505 3023 563 3074 fit
606 3024 868 3078 Internum
910 3025 1159 3091 Ecclesiae,
1223 3037 1279 3078 ut
1328 3026 1380 3077 ὅτ,
1426 3025 1689 3077 Internum
1736 3019 1930 3082 Cultus,
1993 3035 2068 3070 n:
2103 3019 2300 3082 10460.

2145 3088 2307 3154 Quod
