2632 3516
845 230 1909 297 'DEFIDE.-
2305 255 2373 295 21

407 371 595 420 dicentem
607 403 622 428 ,
635 380 707 429 quo
719 361 836 428 usque
846 362 957 426 Vrfio
974 365 1083 424 baec,
1097 366 1200 428 juge
1210 358 1553 426 &praevaricatio
1571 357 1764 424 vastans,
1779 367 1824 406 ut
1840 357 1954 406 detur
1961 355 2149 424 fiznssum
2162 355 2220 414 δ’
2229 364 2379 411 exerci-

401 447 470 488 tus,
486 433 749 489 conculcari03
779 428 836 542 ἐξ
867 432 998 491 dixit,
1034 427 1149 491 ufi1ue
1177 429 1233 476 ad
1257 424 1452 490 respemm
1479 440 1596 474 mane
1607 461 1631 495 ,
1670 434 1769 472 tunc
1789 421 2084 487 iustificabitur
2117 425 2310 475 Sanflum
2342 459 2382 488 „

401 497 790 548 c2.V*111.2a
853 510 923 543 1.
1245 539 1250 541 .
2294 514 2301 520 ·

467 515 545 611 36.
591 559 730 627 Quod
759 558 868 609 vilio
877 509 968 608 4illa
988 558 1202 623 praedicat
1221 553 1359 605 status
1374 553 1585 604 Ecclefiae
1603 552 1775 605 futuros
1789 587 1805 612 ‚
1838 564 1965 617 patet
1983 552 2217 604 manifeste
2230 591 2242 608 ,
2274 568 2381 604 nam

332 684 334 686 ¹
402 628 565 675 dicitur
594 624 715 688 quod
744 640 771 673 a
793 624 999 686 Principe
1021 622 1270 672 excercitus
1302 619 1517 669 sublatum
1545 617 1599 668 fit
1614 620 1723 683 juge
1738 653 1754 678 ‚
1784 617 2036 682 projeaum
2056 619 2378 672 Habitaculum

402 690 633 741 sanEtuarii
666 690 773 753 Ejus
788 725 805 749 ,
840 688 891 738 δι
922 689 1040 752 quod
1071 687 1240 736 Hircus
1274 685 1513 749 projecerit
1540 683 1799 747 Veritatem
1830 683 1875 731 in
1911 695 2101 734 terram:
2133 697 2231 734 tum
2260 685 2381 749 quod

399 754 587 806 Sanfihis
620 754 814 812 dixerit,
848 752 1075 817 quousque
1104 751 1216 801 vilio
1244 750 1367 806 haec4
1400 750 1510 814 juge
1530 745 1585 796 &
1605 747 1921 812 pravaricatio
1937 747 2146 807 vastans,
2183 763 2231 799 ut
2253 751 2383 799 detur

398 819 611 870 SanGtum
630 818 683 867 δι
703 821 955 877 excercitus
977 817 1277 872 conculcatiO,
1293 815 1341 864 δι
1362 816 1483 878 quod
1498 816 1589 863 hoc
1610 812 1718 862 effet
1741 812 1798 860 ad
1822 811 2051 875 vesperam
2074 828 2380 878 mane,quan-

399 886 462 934 do
482 883 791 948 justificabitur
802 882 1046 942 Sanfiltunu
1072 897 1154 945 per
1179 880 1408 943 vesperam
1422 880 1550 929 enim
1567 877 1823 940 intelligitur
1851 876 1951 924 finis
1971 877 2181 927 Ecclefiae
2201 881 2378 943 quando

399 953 523 998 nova
541 950 639 998 erit.
707 949 860 998 Simile
889 947 1042 1011 postea
1060 948 1107 995 in
1128 962 1185 995 eo
1203 947 1363 1008 Capite
1386 960 1465 1008 per
1490 944 1642 1007 Reges
1661 941 1838 992 Mediae
1857 942 1902 991 ἃ
1918 942 2077 990 Perfiae
2099 945 2379 1009 intelligitur,

400 1014 521 1079 quod
542 1030 619 1076 per
639 1014 871 1073 Arietem,
908 1013 957 1062 ἀ
978 1013 1118 1061 simile
1139 1027 1218 1073 per
1234 1012 1415 1074 Regem
1447 1010 1638 1059 Graeciae
1655 1009 1774 1073 quod
1795 1023 1875 1072 per
1894 1009 2115 1067 Hircum3
2148 1025 2253 1058 nam
2275 1011 2324 1060 N
2329 1027 2380 1060 o·-

396 1080 519 1128 mina
544 1080 837 1140 Regnorum,
871 1078 1087 1127 Gentium
1120 1077 1169 1126 ἃ
1199 1077 1493 1138 Populorum,
1528 1088 1626 1124 tum
1646 1074 1936 1124 Personarum
1959 1072 2010 1122 &
2036 1074 2298 1134 Locorum,
2334 1075 2380 1125 in

398 1146 560 1195 Verbo
582 1142 829 1206 significant
851 1158 919 1190 res
945 1143 1051 1191 Caeli
1071 1141 1121 1191 δι
1144 1139 1363 1190 Ecelefiae.

462 1213 542 1268 67.
578 1207 833 1270 Explicatio
866 1208 1041 1256 illorum
1070 1208 1170 1255 haec
1192 1205 1285 1264 est,
1319 1242 1353 1265 ‚‚
1386 1201 1517 1255 Aries
1545 1204 1620 1255 cui
1640 1206 1733 1255 duo
1757 1218 1929 1257 cornua
1958 1206 2069 1264 alta,
2105 1222 2291 1271 quorum
2316 1206 2377 1258 al'-

395 1309 430 1333 ‚‚
462 1273 547 1321 tius
579 1272 779 1320 ascendit
811 1269 1025 1335 posterius
1045 1308 1059 1330 ,
1092 1271 1310 1335 fignificat
1343 1272 1439 1319 illos
1471 1273 1544 1333 qui
1578 1273 1622 1320 in
1657 1272 1750 1321 fide
1780 1288 1836 1320 ex
1857 1271 2072 1320 charitate
2098 1273 2223 1323 sunt:
2258 1273 2377 1335 quod

396 1374 429 1398 ‚‚
462 1351 603 1399 cornu
642 1335 794 1384 feriret
829 1337 975 1384 versus
1018 1337 1301 1396 occidentem
1329 1371 1344 1394 ,
1385 1335 1729 1398 septentrionem
1761 1337 1813 1386 &
1844 1335 2078 1385 meridiem
2099 1374 2112 1394 ,
2158 1337 2379 1402 significat

398 1438 431 1462 ‚‚
464 1396 789 1464 dissipationem
825 1402 928 1449 mali
955 1400 1004 1448 ἃ
1035 1394 1152 1450 falli:
1186 1401 1306 1464 quod
1335 1415 1545 1464 magnum
1572 1401 1618 1450 se
1648 1401 1848 1455 faceret,
1885 1401 2103 1465 fignificat
2131 1402 2378 1465 incremen-

397 1479 592 1528 „tumz
629 1466 771 1514 hircus
802 1467 982 1514 veniens
1008 1467 1066 1515 ab
1090 1466 1331 1514 occidente
1356 1466 1481 1529 super
1516 1467 1656 1515 facies
1685 1467 1821 1516 totius
1853 1479 2005 1523 terrae,
2042 1466 2262 1531 fignificat
2283 1469 2380 1518 illos

397 1568 430 1592 ‚,
466 1533 540 1594 qui
567 1530 612 1578 in
637 1531 729 1578 fide
759 1531 957 1593 separata
979 1546 1005 1579 a
1028 1531 1247 1580 charitate
1279 1530 1400 1588 sunt,
1435 1546 1488 1579 ac
1510 1531 1783 1580 invasionem
1805 1530 2015 1579 Ecclesiae
2036 1534 2093 1580 ab
2112 1533 2218 1591 illis,
2253 1534 2377 1583 occi-

395 1632 432 1655 „
466 1598 575 1643 dens
595 1593 658 1642 est
677 1596 841 1644 malum
858 1597 1064 1645 naturalis
1084 1597 1295 1646 hominis:
1321 1596 1393 1644 cui
1420 1611 1558 1644 cornu
1575 1597 1689 1645 inter
1708 1597 1886 1655 oculos,
1912 1594 2128 1659 fignificat
2150 1598 2378 1660 propriam

398 1696 432 1720 „
466 1660 835 1723 intelligentiam:
873 1660 993 1723 quod
1025 1662 1267 1710 cucurrerit
1300 1661 1355 1709 ad
1383 1661 1569 1710 arietem
1599 1677 1703 1710 cum
1733 1660 1882 1709 furore
1912 1662 2086 1710 roboris
2107 1698 2121 1718 ,
2157 1661 2377 1726 significat

390 1753 431 1784 -„
465 1724 584 1789 quod
607 1725 893 1774 vehementer
913 1726 1241 1789 impugnaverit
1260 1726 1521 1774 charitatem
1539 1726 1590 1774 ἃ.
1619 1727 1713 1791 ejus
1734 1725 1874 1774 fidem
1894 1742 1906 1774 z
1943 1727 2062 1789 quod
2088 1726 2270 1791 fregerit
2287 1729 2380 1779 duo

397 1825 428 1849 „
463 1804 629 1838 cornua
662 1789 755 1852 ejus
774 1826 788 1850 ‚
825 1791 1064 1853 projecerit
1094 1805 1198 1838 eum
1226 1790 1274 1838 in
1302 1802 1467 1838 terram
1487 1826 1502 1842 .
1536 1789 1588 1838 &
1614 1790 1948 1840 concutcaverit
1978 1806 2082 1840 eum
2109 1829 2123 1848 ‚
2155 1792 2378 1856 fignificat

394 1889 431 1915 ,‚
467 1853 584 1920 quod
605 1854 775 1917 prorsus
793 1854 1038 1918 disperserit
1057 1855 1107 1905 δι
1129 1855 1390 1904 charitatem
1410 1854 1460 1903 &
1478 1853 1644 1907 fidem,
1660 1870 1764 1903 nam
1789 1855 1865 1918 qui
1885 1871 2018 1904 unam
2032 1857 2167 1905 etiarn
2190 1859 2376 1909 alteram

395 1954 429 1980 ‚,
464 1919 703 1983 dispergit,
734 1935 868 1968 unum
888 1920 1008 1969 enim
1033 1919 1229 1975 faciunt:
1263 1919 1383 1982 quod
1406 1916 1598 1968 stastum
1625 1918 1680 1967 fit
1702 1935 1840 1968 cornu
1857 1935 2069 1983 magnum
2089 1921 2224 1982 hirci,
2246 1922 2378 1987 figni-

397 2019 432 2046 ,‚
466 1983 576 2032 ficat
597 1999 687 2033 non
707 1985 1012 2048 apparentiam
1033 1985 1225 2050 propriae
1245 1983 1571 2049 intelligentiae:
1593 1984 1712 2048 quod
1735 1988 1839 2034 loco
1861 1985 1955 2048 ejus
1975 1985 2250 2036 ascenderint
2270 2005 2377 2052 qua·-

395 2084 430 2110 „
461 2061 565 2097 tuor
592 2063 784 2109 cornua,
814 2049 1036 2115 fignificat
1066 2051 1384 2113 applicationes
1416 2048 1561 2099 sensus
1591 2051 1730 2098 literae
1748 2051 1894 2099 Verbi
1915 2051 1972 2098 ad
1997 2051 2382 2106 confirmandum.-

395 2148 431 2174 ‚‚
450 2114 587 2175 'quod
619 2129 676 2161 ex
710 2129 803 2162 uno
829 2130 982 2162 eorum
1017 2116 1158 2163 exiret
1193 2129 1332 2163 cornu
1369 2113 1579 2175 exiguum
1600 2150 1615 2172 ‚
1658 2113 1879 2176 fignificat
1911 2118 2376 2179 argumentationem,

394 2212 431 2236 „
464 2178 583 2240 quod
606 2192 739 2225 nemo
763 2178 893 2238 poffit
914 2180 1098 2240 implere
1116 2181 1261 2241 legem
1275 2213 1289 2234 ,
1323 2176 1373 2225 δι
1392 2177 1546 2225 facere
1562 2178 1730 2225 bonum
1750 2193 1775 2225 a
1799 2178 1843 2226 se
1861 2178 1988 2238 ipso:
2024 2180 2144 2241 quod
2170 2180 2216 2228 id
2235 2196 2375 2231 cornu

394 2275 435 2301 ‚‚
468 2240 837 2300 creveritfversus
867 2243 1099 2291 meridiem
1121 2277 1136 2298 ,
1169 2240 1319 2289 versus
1351 2253 1499 2288 ortum
1530 2239 1581 2288 δι
1614 2241 1762 2288 versus
1783 2240 1948 2299 decus,
1983 2240 2203 2303 fignificat
2225 2260 2305 2307 per
2324 2247 2374 2297 id

393 2339 431 2366 ‚‚
463 2304 826 2353 insurreffionem
857 2306 903 2354 in
935 2306 1086 2354 omnia
1105 2304 1343 2353 Ecclefiae:
1377 2303 1428 2352 ἃ
1448 2302 1654 2367 usquead
1678 2305 1922 2353 exercitum
1953 2308 2186 2366 caelorutrr,
2221 2308 2272 2358 δι
2293 2311 2374 2359 de-

395 2405 430 2430 „
462 2368 571 2432 iecit
594 2368 651 2416 de
673 2370 875 2418 exercitu
892 2406 908 2429 ‚
941 2369 991 2418 δι
1015 2369 1075 2418 de
1099 2368 1256 2427 stellis,
1275 2368 1324 2416 ἃ
1347 2368 1625 2417 conculcavit
1645 2368 1717 2417 illa
1733 2402 1750 2426 ,
1784 2367 2004 2432 significat
2025 2370 2093 2419 sic
2111 2370 2372 2424 destruCtio·

394 2471 428 2497 „
459 2448 564 2482 nem
596 2433 795 2482 omnium
813 2434 1118 2497 cognitionum
1139 2433 1246 2483 boni
1266 2431 1315 2482 ἃ
1336 2434 1457 2490 veri,
1491 2449 1587 2495 quae
1608 2433 1836 2482 charitatis
1859 2433 1907 2482 ἃ
1934 2434 2040 2483 fidei
2060 2434 2220 2486 effent:
2249 2441 2370 2501 quod

393 2535 430 2560 „
464 2499 670 2547 extulerit
694 2498 738 2547 se
763 2497 819 2547 ad
849 2499 1100 2562 Principem
1124 2498 1371 2555 exercitus,
1405 2497 1454 2546 ἃ
1474 2500 1531 2546 ab
1555 2513 1613 2546 eo
1637 2498 1855 2547 sublatum
1877 2498 1942 2546 est
1962 2500 2094 2563 juge,
2132 2500 2180 2549 ἃ
2198 2501 2371 2554 habita·-

393 2597 432 2624 ,‚
467 2565 613 2612 culum
649 2563 878 2612 sanstuarii
911 2565 1005 2626 ejus
1026 2600 1040 2623 ‚
1075 2562 1295 2627 fignificat
1314 2562 1434 2625 quod
1464 2562 1526 2611 sic
1556 2563 1847 2625 depopulatus
1867 2562 1922 2611 fit
1940 2566 2090 2613 omnia
2114 2567 2251 2616 cultus
2268 2571 2370 2618 Do·

394 2664 429 2689 „
463 2629 571 2678 mini
591 2626 640 2677 &
662 2627 874 2677 Ecclefiae
893 2629 1054 2692 Ipsius:
1073 2629 1193 2692 quod
1220 2629 1453 2677 veritatem
1475 2628 1713 2691 projecerit
1733 2628 1780 2676 in
1802 2641 1963 2677 terram
1977 2666 1990 2688 ‚
2009 2629 2224 2693 fignificat
2246 2635 2369 2698 quod

393 2727 429 2753 ,‚
462 2709 570 2742 vera
581 2693 731 2742 Verbi
750 2693 1073 2743 falfificaverit:
1094 2709 1177 2756 per
1194 2693 1423 2756 vesperam
1444 2708 1575 2740 mane
1590 2730 1602 2751 ,
1616 2691 1792 2754 quando
1810 2692 2119 2755 justificabitur
2140 2696 2332 2750 sanCtum
2348 2737 2368 2761 ,

391 2793 428 2818 ,‚
461 2757 735 2820 significatur
754 2758 853 2806 finis
875 2758 1082 2807 Ecciefiae'
1095 2757 1242 2811 istius,
1277 2757 1325 2806 <St
1349 2757 1614 2820 principium
1636 2758 1844 2806 Novae”.

461 2827 537 2876 68.
570 2823 661 2871 lv.
695 2823 818 2888 Quod
848 2823 934 2881 illi,
972 2825 1038 2885 qui
1068 2826 1112 2870 in
1136 2821 1222 2884 fide
1240 2820 1437 2885 separata*
1460 2839 1486 2869 a
1507 2823 1701 2870 charitate
1717 2821 1845 2883 stim,
1880 2824 2154 2886 intelligantur
2177 2839 2249 2889 per
2281 2829 2366 2877 hir.

390 2901 484 2944 cos,
518 2902 570 2933 ex
597 2886 796 2950 omiffione
830 2888 1040 2934 charitatis
1069 2903 1200 2934 eorum
1240 2888 1346 2949 apud
1371 2888 1634 2935 Mattbaeum.
1704 2887 1839 2952 Quod
1870 2903 1959 2936 non
1991 2891 2062 2939 alii
2093 2906 2171 2953 per
2198 2892 2367 2942 Hircos

393 2966 447 2999 ac
469 2966 547 3013 per
566 2951 693 2999 Oves
716 2951 1010 3014 intelligantur
1036 2951 1154 3014 apud
1180 2951 1450 3000 Matthaeum
1472 2953 1581 3015 Cap.
1604 2951 1758 3001 XXV.
1780 2968 1837 3015 31
1860 2953 1917 3001 ad
1940 2960 2017 3013 46.
2040 2971 2173 3016 quam
2192 2958 2266 3020 qui
2285 2975 2366 3021 per

394 3015 588 3064 Hircum
617 3015 667 3065 δι
687 3031 768 3080 per
788 3017 990 3064 Arietem
1016 3017 1133 3079 apud
1159 3017 1396 3065 Danielem
1412 3053 1425 3073 ‚
1460 3028 1585 3078 patet
1610 3032 1667 3065 ex
1691 3032 1774 3076 eo,
1809 3018 1927 3080 quod
1953 3020 2010 3067 ad
2029 3021 2156 3069 Oves
2185 3037 2362 3071 enume-

390 3094 542 3131 rentur
559 3096 698 3146 opera
715 3080 945 3132 charitatis
959 3117 979 3143 ,
1010 3081 1059 3132 &
1081 3081 1278 3143 dicatur,
1312 3081 1440 3195 quo}
1454 3083 1522 3129 illa
1541 3081 1763 3144 fecerint3
1787 3081 1837 3149 ὅς
1860 3085 1984 3149 quod·
1999 3085 2060 3135 ad·
2078 3087 2242 3136 Hircos
2262 3102 2365 3135 enu-

934 3166 940 3172 ·
1474 3162 1506 3208 3
2191 3165 2362 3200 meren·
