2632 3516
215 265 280 322 18
401 254 899 319 DOCTRINA
951 254 1229 315 NOVAE
1281 254 2004 322 HIEROSOLYMAE

203 423 239 449 „
277 384 394 449 quod
414 384 532 432 lcum
546 382 631 431 illis
654 384 743 430 non
766 380 1026 431 infantiliter
1045 382 1118 431 sed
1141 382 1359 447 sapienter
1391 383 1630 451 ludendum
1652 386 1727 436 fit:
1764 386 1917 452 postea
1941 392 2183 452 apparebat

200 486 239 512 „
274 451 508 506 Scortum,
544 460 639 495 tum
669 447 819 511 Equus
845 447 999 510 jacens
1030 461 1244 496 mortuus.
1295 449 1471 516 Quibus
1493 450 1618 509 vilis,
1653 451 1882 502 instruCtus
1904 453 2040 512 sum,
2062 458 2182 519 quod

200 543 234 576 „-
268 516 348 578 p'er
367 515 442 562 illa
466 513 796 576 repraesentatus
816 512 868 560 fit
890 511 1032 560 sensus
1052 513 1192 561 literae
1213 514 1386 573 Verbi,
1420 517 1466 563 in
1494 531 1584 579 quo
1607 515 1749 566 sensus
1771 518 2021 581 spiritualis:
2055 537 2181 586 mag-

201 616 237 641 „
272 580 441 628 nae-illae
462 592 684 627 crumenae
706 593 889 641 argemo
910 579 1050 639 plenae
1070 577 1376 642 significabant
1398 582 1675 644 cognitiones
1693 584 1788 631 veri
1809 585 1853 632 in
1871 586 2009 632 multa
2027 588 2183 649 copia:

200 682 235 707 „
271 644 393 709 quod
430 656 596 706 apertae
615 640 750 691 effent
765 679 778 700 ,
812 633 862 692 ἃ
885 655 1033 690 tamen
1065 646 1122 691 ab
1139 643 1323 706 Angelis
1341 643 1598 705 custoditae,
1631 645 1910 711 significabat
1931 650 2049 714 quod
2070 651 2181 714 quis-

202 744 241 770 „
279 725 364 773 que
394 707 536 773 posset
565 707 670 757 inde
705 708 984 772 cognitiones
1011 708 1110 756 veri
1139 707 1392 766 desumere,
1429 710 1504 759 sed
1534 713 1654 775 quod
1677 726 1914 772 caveatur,
1950 729 2008 763 ne
2028 716 2183 779 aliquis

200 811 233 836 „
268 772 452 825 Senfiim
480 774 767 836 spiritualem,
789 775 835 821 in
860 787 948 835 quo
967 786 1102 819 merae
1122 772 1330 821 veritates
1348 772 1469 833 sunt,
1504 776 1734 825 falsificet:
1755 778 1948 840 praesepe
1969 781 2014 828 in
2033 779 2183 829 stabu-

200 874 236 902 ‚‚
269 841 341 898 lo,
386 841 432 888 in
465 854 554 902 quo
584 839 794 901 jacebant
823 852 1073 893 crumenae,
1117 835 1395 900 significabat
1438 838 1770 888 instrufitionem
1799 841 2066 904 spiritualem
2097 862 2181 908 pro

202 941 233 965 „
268 902 515 964 intelle6tu,
554 903 643 950 hoc
674 902 892 966 fignificat
923 901 1149 964 praesepe,
1185 901 1285 963 quia
1313 917 1474 964 equus,
1510 903 1587 966 qui
1606 904 1711 952 inde
1729 904 1846 959 edit,
1882 905 2179 959 intellestum:

200 1005 236 1030 „
269 969 486 1032 Virgines
523 966 760 1025 modestae,
796 982 893 1030 quae
918 968 964 1014 in
998 981 1176 1014 camera
1208 968 1409 1028 proxima
1431 966 1536 1016 visae
1555 967 1680 1027 sunt,
1715 968 2020 1032 fignificabant
2040 972 2180 1022 affec-

200 1069 233 1093 ,‚
270 1036 413 1082 tiones
432 1034 551 1091 veri,
588 1031 638 1080 ἃ
661 1047 772 1080 uxor
793 1031 912 1080 casta
933 1027 1292 1095 conjunfflonem
1313 1032 1419 1080 boni
1438 1030 1487 1080 δι
1510 1033 1632 1093 veri,
1664 1034 1855 1082 infantes
1875 1034 2202 1098 fignificabanv

199 1132 234 1157 ‚,
269 1098 571 1147 innocentiam
604 1096 828 1159 sapientiae
857 1097 992 1155 inibi3
1025 1108 1152 1144 erant
1181 1096 1346 1160 Angeli
1375 1113 1401 1144 e
1430 1098 1593 1146 Tertio
1610 1099 1745 1157 caele,
1773 1099 1852 1162 -qui
1872 1114 2028 1147 omnes
2044 1117 2181 1165 appa-

197 1195 233 1222 „
267 1175 366 1210 rent
395 1162 503 1211 ficut
533 1162 751 1210 infantes:
787 1165 999 1210 Scortum
1021 1175 1126 1207 cum
1152 1174 1268 1223 equo
1289 1174 1491 1220 mortuo,
1526 1161 1806 1226 significabat
1825 1162 2181 1214 falfificationem

196 1257 232 1287 „
265 1227 413 1275 Verbi
441 1242 468 1275 a
489 1227 636 1275 multis
657 1226 819 1286 hodie,
853 1241 935 1290 per
958 1240 1091 1289 quam
1111 1226 1255 1274 omnis
1277 1226 1527 1276 intellefitus
1545 1228 1643 1276 veri
1661 1229 1800 1290 perit,
1835 1228 2028 1278 scortum
2046 1229 2179 1295 figni-

194 1327 228 1353 „
260 1291 370 1343 ficat
389 1290 775 1351 falfificationem,
809 1306 866 1342 ac
887 1305 1024 1355 equus
1043 1300 1241 1339 mortuus
1260 1290 1536 1340 intellectum·
1553 1292 1650 1342 veri
1668 1294 1846 1342 nullum.

262 1431 492 1541 Quod
526 1429 760 1510 sensus
791 1430 1020 1510 literae
1045 1430 1286 1530 Verbi
1314 1431 1402 1510 fit
1434 1430 1625 1510 Bafis
1639 1492 1662 1528 ,
1715 1432 2127 1516 Continens

303 1620 307 1623 ,
401 1546 510 1633 ὃς
545 1539 1126 1621 Firmamentum
1159 1538 1393 1619 sensus
1444 1540 1836 1646 Spiritualis
1875 1549 1952 1620 δε

943 1646 1248 1738 caelestis=
1271 1649 1440 1754 ejus,
1847 1652 1853 1661 '

266 1833 345 1881 27.
379 1827 466 1938 In
489 1821 615 1868 omni
634 1820 806 1870 Divino
822 1819 979 1881 Opere
998 1814 1064 1864 est
1080 1816 1276 1864 Primum
1292 1850 1306 1875 ‚
1327 1815 1539 1864 Medium
1559 1814 1610 1863 δι
1635 1816 1858 1867 Ultimum
1872 1855 1884 1876 ,
1906 1833 1962 1869 ac
1983 1819 2191 1871 Pritl'iur'ti·¹

467 1885 595 1932 vadit
628 1900 711 1948 per
740 1884 952 1932 Medium
981 1880 1039 1928 ad
1064 1882 1311 1939 Ultimum,
1345 1879 1395 1929 δι
1417 1880 1477 1929 sse
1500 1879 1645 1930 existit
1670 1880 1944 1942 &subfistit‚
1981 1884 2085 1934 inde
2101 1885 2202 1936 Ul·-

197 1948 357 1995 timum
377 1947 442 1995 est
465 1949 606 1996 BAsrs.
681 1949 835 2005 Tum,
868 1947 1063 1994 Primum
1088 1944 1153 1992 est
1172 1947 1217 1993 in
1238 1945 1404 1993 Medio
1423 1944 1473 1994 δι
1496 1960 1577 2008 per
1596 1947 1806 1994 Medium
1828 1949 1872 1995 in
1895 1950 2096 2008 Ultimo,
2120 1952 2193 1999 ita*

199 2012 423 2061 Ultimum
455 2010 522 2060 est
553 2013 855 2063 Commans:
890 2010 940 2060 δι
964 2011 1068 2074 quia
1101 2010 1321 2060 Ultimum
1350 2008 1416 2059 est
1436 2009 1679 2058 Continens
1709 2010 1759 2061 ἃ
1789 2011 1933 2072 Bafis,
1958 2011 2022 2060 est
2045 2013 2185 2062 etiam

199 2078 587 2126 Flammarum.
1287 2092 1292 2097 ·
1419 2105 1424 2109 -

263 2146 339 2193 28.
374 2142 451 2189 Ab
481 2140 667 2190 Erudito
696 2138 1120 2203 comprehenditur,
1162 2137 1386 2202 quod‘illa
1414 2138 1544 2188 Tm
1574 2138 1797 2187 nominari
1840 2139 2002 2202 possint
2035 2140 2182 2201 Finis,

199 2204 340 2254 Causa
360 2204 410 2254 ἃ
433 2204 657 2263 Είΐεξὶυε,
693 2217 789 2253 turn
810 2202 914 2252 Ess'e
929 2239 943 2261 ,
977 2203 1096 2252 Fieri
1120 2201 1168 2251 δι
1193 2201 1422 2261 Existere3
1454 2201 1505 2251 ἃ
1525 2202 1646 2264 quod
1666 2202 1785 2251 Finis
1806 2202 1857 2250 fit
1877 2205 1979 2254 Effe
1995 2242 2007 2262 ,
2043 2207 2185 2256 Causa

202 2270 255 2319 fit
286 2270 428 2329 Fieri,
461 2268 514 2319 ἃ
542 2268 742 2319 Εἱΐεξὶυε
772 2268 824 2318 fit
855 2266 1056 2317 Existere
1066 2284 1081 2328 3
1114 2266 1434 2330 consequentur
1468 2266 1586 2329 quod
1607 2267 1652 2315 in
1673 2267 1799 2314 omni
1817 2283 1868 2315 re
1891 2272 2115 2332 completa
2135 2271 2190 2320 fit

203 2336 424 2395 Trinum,
458 2335 578 2398 quod
615 2347 802 2384 vocatur
831 2334 1055 2397 Primum,
1087 2331 1300 2381 Medium
1331 2329 1381 2381 ἃ
1400 2331 1651 2388 Ultimum3
1684 2343 1777 2378 tum
1798 2333 1941 2389 Finis,
1976 2335 2117 2384 Causa
2136 2335 2186 2386 δε

203 2399 430 2458 Effefius3
473 2399 523 2449 ἃ
558 2415 734 2463 quoque
767 2396 896 2455 Effe,
933 2398 1052 2446 Fieri
1083 2396 1134 2446 ἃ
1165 2394 1382 2444 Existere.
1449 2397 1567 2444 Cum
1597 2395 1693 2443 haec
1723 2397 2188 2459 comprehenduntur,

205 2466 342 2514 etiam
373 2465 791 2527 comprehenditur,
826 2462 946 2526 quod
981 2477 1117 2511 omne
1146 2461 1366 2509 Divinum
1396 2459 1524 2522 Opus
1549 2462 1595 2509 in
1626 2460 1800 2509 Ultimo
1832 2460 1883 2509 fit
1913 2465 2185 2527 completum

206 2529 256 2578 δι
282 2529 560 2593 ρεῐῖεξὶυῐης
593 2529 643 2578 δι’
665 2544 841 2594 quoque
867 2527 987 2592 quod
1005 2529 1051 2577 in
1076 2528 1248 2577 Ultimo
1258 2561 1274 2586 ,
1298 2525 1428 2603 *quod
1450 2525 1643 2574 Tritium
1671 2523 1761 2584 est,
1792 2523 1846 2572 fit
1866 2526 2046 2590 Omne,
2082 2531 2206 2594 quia'
2239 2519 2241 2522 ’

209 2595 255 2643 in
279 2596 354 2644 illo
377 2595 529 2644 Priora
552 2594 688 2644 fimul.

273 2675 350 2720 29,
386 2662 454 2708 Ex
476 2675 532 2708 eo
553 2659 642 2717 est,
679 2657 798 2723 quod
819 2672 900 2722 per
923 2659 1050 2706 TRrA
1071 2655 1118 2705 in
1138 2656 1299 2705 Verbo
1316 2655 1362 2704 in
1385 2653 1506 2702 sensu
1531 2653 1753 2717 Spirituali
1768 2653 2038 2718 intelligatur
2057 2672 2198 2707 com--

211 2725 384 2786 pletum
419 2723 468 2774 δι
500 2723 748 2788 perfeflum
764 2757 778 2780 ‚
815 2737 909 2770 turn
929 2737 1063 2770 omne
1082 2721 1232 2771 simul:
1263 2720 1313 2770 δι
1333 2719 1434 2783 quia
1455 2719 1551 2767 haec
1570 2720 1786 2781 perillum
1808 2735 2039 2769 numerum
2057 2724 2187 2786 figni-

218 2790 437 2847 ficantur‚
473 2789 584 2838 ideo
607 2791 739 2838 toties
770 2789 815 2836 in
847 2788 1010 2836 Verbo
1043 2786 1302 2843 adhibetur,
1337 2784 1508 2848 quoties
1537 2785 1625 2831 tale
1651 2783 1926 2848 designatur,
1959 2789 2071 2836 utin
2094 2789 2214 2837 hist·

211 2852 332 2915 Quod
362 2853 514 2915 Esajas
551 2858 628 2902 iret
661 2856 787 2901 nudus
809 2850 865 2906 ὅ)
889 2851 1144 2916 (lfiqlceatus
1163 2851 1212 2898 T
1214 2865 1299 2899 aas
1320 2851 1487 2899 ANNos
1501 2881 1537 2908 ‚‚
1572 2847 1688 2911 Esaj.
1709 2849 1812 2896 XX.
1839 2864 1881 2910 3.
1950 2850 2087 2916 Quod
2108 2853 2195 2914 Je··

207 2914 358 2962 hovah
390 2919 499 2966 'I'Ea
529 2921 730 2966 vocaverit
769 2919 1017 2975 Samuelem,
1052 2914 1110 2970 ὅ*
1142 2916 1307 2964 Samuel
1334 2916 1444 2964 TER
1477 2916 1695 2961 cucurrerit
1715 2915 1770 2960 ad
1790 2915 1888 2971 Eli,
1926 2913 1982 2969 f?
1998 2917 2098 2976 quod
2111 2914 2191 2961 Eli

212 2979 405 3025 TERTIA
435 2996 543 3028 vica
576 2978 860 3040 intellexerit‚,
896 2994 918 3030 1
955 2982 1080 3029 Sam.
1118 2981 1197 3027 111.
1237 2993 1257 3026 1
1286 2979 1343 3028 ad
1367 2984 1412 3033 8.
1448 2978 1571 3044 „Quod
1585 2977 1798 3041 Jonathan
1819 2978 2178 3031 diceretadDavi-

210 3043 296 3089 dem
308 3075 323 3096 ,
356 3043 457 3103 quod
483 3046 691 3092 occultaret
695 3046 746 3107 se
764 3051 807 3092 in
831 3061 930 3108 agro
952 3046 1140 3095 Tamus
1159 3059 1354 3094 manus:
1386 3048 1485 3106 quod
1499 3042 1713 3104 Jonathan
1727 3041 1863 3103 postea
1882 3044 1937 3095 ad
1957 3043 2061 3089 latus
2080 3041 2179 3100 Iapi-

209 3106 274 3152 dis
287 3106 539 3169 Jacularetur
561 3106 693 3154 Tuas
720 3114 983 3160 SAorr'rAs:
1017 3108 1074 3164 ὅ)
1093 3111 1191 3172 quod
1208 3107 1293 3172 post
1313 3109 1412 3155 illud
1430 3105 1877 3169 David-fiincurvaret
1897 3106 2083 3152 Turnus
2106 3119 2178 3152 vr·

209 3185 345 3222 emus
376 3184 507 3218 coram
541 3168 781 3231 Jonathane
795 3207 829 3231 „
866 3187 888 3221 1
920 3177 1042 3224 Sam.
1064 3173 1169 3222 XX.
1192 3187 1239 3233 5.
1269 3187 1323 3222 12
1346 3172 1402 3221 ad
1421 3187 1498 3231 41.
1534 3169 1658 3234 Quod
1674 3170 1791 3216 Elias
1797 3167 1850 3228 fi
1868 3166 2022 3228 mensus
2030 3165 2091 3228 stt
2100 3165 2177 3230 fi¹·

2106 3245 2182 3294 per
2224 3281 2226 3283 ,
