2502 3432
569 164 707 226 ET
753 153 2064 223 BABYLONIA-DESTRUCTA.
2209 168 2309 230 ‚43

322 295 403 359 qui
426 291 678 342 Reformati
698 285 953 341 vocantur3
980 283 1161 332 circum
1198 285 1285 330 hoc
1311 283 1527 329 Medium
1556 283 1617 328 ilLi
1643 283 1723 344 qui
1750 299 1775 329 a
1797 279 2032 331 Pontificia
2066 278 2311 341 religione;

323 361 440 407 ultra
478 359 579 406 illos
606 350 1155 406 Mahumedani,.u1timo
1189 349 1327 394 vaxiae
1361 349 1565 400 Gentes;
1612 348 1715 395 inde
1754 347 1949 394 constare
1986 345 2145 408 potest,
2179 346 2309 406 quod

321 424 553 472 Pontificii
572 419 874 484 peripheriam
892 416 1149 479 proximam
1173 415 1345 460 circum
1371 410 1676 465 Reformatos‚
1712 414 1792 474 qui
1815 414 1860 458 in
1885 407 2052 468 medio,
2086 408 2303 458 fecerint:

318 489 444 552 quod
467 488 532 534 issi
551 486 828 549 proximam,
861 481 925 528 est
948 479 1089 536 causa,
1128 479 1256 542 quod
1279 480 1326 524 in
1353 477 1516 524 Medio
1538 475 1623 522 sint
1645 477 1726 536 qui
1749 477 1794 521 in
1821 477 1919 522 luce
1942 479 2035 523 veri
2071 491 2127 522 ex
2150 475 2303 522 Verbo
2364 518 2367 521 ,

319 555 456 608 sunt;
489 553 539 599 &
561 551 640 612 qui
663 550 709 595 in
731 548 831 595 luce
854 547 948 594 veri
970 562 1026 593 ex
1050 545 1203 592 Verbo
1238 543 1356 599 sunt,
1390 543 1455 589 illi
1493 542 1627 589 etiam
1665 542 1712 586 in
1746 540 1870 586 Coeli
1906 540 2006 586 luce
2044 541 2161 596 sunt,
2197 558 2302 588 nam

316 619 430 668 Lux
466 615 591 663 Coeli
629 613 694 661 est
729 629 787 661 ex
824 614 998 660 Divino
1018 611 1158 666 Vero,
1203 625 1254 657 ac
1275 607 1483 656 Verbum
1518 606 1582 654 est
1621 607 1667 652 in
1705 620 1801 668 quo
1834 606 1979 659 illud3
2029 606 2152 667 quod
2193 607 2302 654 Lux

307 682 444 731 coeli
480 682 534 728 fit
564 695 622 726 ex
641 680 817 726 Divino
837 679 978 733 Vero,
1016 676 1219 723 videatur
1253 676 1299 721 in
1323 674 1473 737 Opere
1506 673 1563 720 de
1586 671 1723 719 Coelo
1758 671 1808 717 δε
1833 668 2011 717 Inferno
2035 686 2063 715 n
2086 689 2097 716 ε
2129 671 2219 718 126
2242 673 2300 718 ad

279 740 282 743 Δ
311 763 449 807 '140³
482 747 533 794 δε
554 745 680 808 quod
702 744 907 790 Verbum
936 743 990 789 fit
1009 743 1238 789 Divinum
1258 739 1452 796 Verum,
1486 755 1548 785 n:
1576 753 1668 800 303
1694 737 1750 785 ad
1773 747 1905 800 310;
1940 753 1965 782 a
1989 736 2142 782 medio
2162 737 2296 783 etiarn

313 811 627 876 proceditalux.
646 810 796 857 versus
815 809 1099 872 peripherias,
1134 823 1187 857 ac
1208 806 1464 859 illuminat;
1501 805 1606 851 inde
1629 802 1709 858 est,
1725 803 1868 864 xquod
1888 803 2099 863 ⁸proxime
2122 802 2295 848 circum

314 878 529 938 Medium
553 875 638 922 fint
658 877 738 938 qui
757 873 1044 921 e.Pontificia
1065 874 1298 935 religione,
1333 886 1440 917 nam
1458 869 1666 916 Verbum
1688 868 1867 925 habent,
1901 868 1950 914 &
1974 883 2159 930 quoque
2181 864 2297 929 legi·

314 958 402 993 tur
427 943 484 990 ab
521 942 725 1004 iuis-qui
759 956 784 988 e
821 940 1065 1002 Regimine
1102 936 1412 985 Ecclefiastico
1449 934 1567 991 sunt,
1602 934 1772 981 tametfi
1797 950 1887 980 non
1909 949 1935 979 a
1956 932 2164 995 populo;
2199 932 2299 994 haec

312 1008 440 1056 causa
470 1007 556 1062 est,
591 1007 715 1069 quod
749 1006 989 1053 Pontificiass
1016 1004 1141 1051 Gens
1178 1005 1224 1049 in
1249 1002 1477 1066 Spirituali
1511 1000 1687 1049 mundo
1708 1001 1880 1046 circum
1904 999 2002 1045 illos
2027 1000 2104 1060 qui
2129 999 2173 1044 in
2200 998 2298 1045 luce

312 1075 410 1121 veri
430 1089 487 1120 ex
509 1073 663 1122 Venbo
684 1070 802 1127 sunt,
834 1071 1125 1118 habitationes
1148 1069 1245 1116 suas
1256 1068 1390 1115 *nacta
1413 1067 1487 1114 fit..
1535 1067 1676 1114 Nunc
1699 1066 1889 1119 dicetur,
1911 1066 2148 1126 quomodo
2173 1064 2296 1109 habi-

205 1135 208 1136 ’
307 1150 520 1187 nvenmt
557 1132 796 1200 antequam
835 1137 1123 1183 habitationes
1150 1149 1321 1181 eorum
1356 1132 1534 1196 prorsus
1572 1131 1807 1184 destructae
1846 1131 1963 1186 sunt,
1997 1146 2048 1176 ac
2070 1129 2296 1176 desertum

313 1203 483 1251 factae..
530 1203 737 1249 Maxima
772 1217 872 1265 pars
907 1201 1126 1248 habitavit
1164 1201 1222 1247 in'
1250 1200 1447 1247 Meridie
1481 1200 1531 1246 δε
1569 1197 1836 1251 Occidente,
1884 1196 2031 1258 aliqua
2070 1195 2212 1241 modo
2251 1196 2296 1240 in

314 1267 620 1330 Septentrione
659 1270 709 1314 ὅτ
741 1267 945 1313 Oriente.
1012 1267 1065 1313 In
1104 1266 1350 1312 Mmume
1394 1265 1720 1318 habitaverunt,
1772 1263 1853 1325 qui
1898 1277 1994 1325 prae
2036 1261 2210 1307 caeteris
2251 1260 2298 1306 in

315 1333 494 1380 mundo
531 1331 788 1393 polluerunt
821 1332 1020 1392 ingenio,
1055 1332 1103 1376 &
1128 1329 1587 1376 seconfirrnaverunt
1621 1331 1667 1374 in
1702 1328 1781 1374 suo
1813 1326 2054 1389 religioso·,
2089 1327 2138 1380 ,ὅτ
2161 1325 2295 1371 fimul

313 1398 378 1444 ibi
416 1396 723 1444 habitaverunt
754 1395 945 1441 Nobiles
980 1395 1030 1441 δε
1053 1395 1232 1440 Divites
1265 1394 1415 1440 multo
1451 1408 1669 1447 numero,
1696 1393 2007 1438 habitaverunt
2040 1405 2132 1436 non
2167 1388 2297 1453 supra

314 1476 475 1510 terram
499 1461 577 1516 ibi,
613 1459 684 1507 sed
723 1459 804 1506 sub
842 1473 957 1506 terra
994 1459 1057 1505 ob
1090 1459 1302 1504 timorem
1343 1457 1724 1520 pro-latronibus,
1758 1456 1978 1518 custodias
1995 1467 2217 1518 ponentes
2238 1455 2297 1514 ad

311 1530 524 1575 introitus
541 1527 559 1573 ε’
589 1525 732 1572 inilia
753 1525 892 1586 Plaga
907 1524 1045 1570 etiam
1068 1530 1162 1570 erat
1184 1539 1351 1585 magna
1371 1521 1516 1578 Urbs,
1549 1519 1678 1584 cujus
1707 1521 1907 1568 extenfio
1944 1534 2036 1569 erat
2074 1536 2211 1583 paene
2239 1520 2298 1568 ab

308 1594 499 1641 Oriente
519 1590 598 1636 ¹ibi
627 1589 692 1636 ad
726 1590 1045 1647 Occidentem,
1078 1589 1133 1633 δε·
1163 1602 1346 1648 quoque
1373 1586 1511 1648 paulo
1542 1589 1591 1632 in
1620 1585 1939 1641 Occidentem,
1974 1586 2053 1632 fita
2087 1585 2297 1647 proxime

304 1657 365 1704 ad
388 1653 708 1708 Mediumubi
728 1650 982 1699 Reformati
1001 1673 1018 1706 ;
1053 1651 1100 1697 in
1122 1651 1208 1697 'illa
1235 1649 1369 1714 Urbe
1404 1648 1626 1711 myriades
1664 1649 1903 1697 hominum
1945 1649 2019 1696 seu
2056 1649 2296 1711 spirituum

306 1718 706 1769 commorabantur
724 1739 741 1773 3
795 1716 927 1780 plena
970 1728 1063 1764 erat
1098 1714 1309 1778 Templis
1354 1715 1403 1762 &
1443 1713 1763 1778 Monast‘eriisj
1820 1714 2116 1761 Ecclefiastici
2156 1717 2296 1762 etiam

296 1787 466 1835 omnia
497 1783 712 1849 pretiosa,
734 1799 840 1846 quae
878 1798 960 1846 per
990 1782 1132 1829 varias
1163 1794 1282 1829 artes
1319 1791 1566 1844 potuerunt
1605 1780 1852 1836 corradere,
1887 1780 1934 1827 in
1967 1780 2090 1827 illam
2114 1780 2298 1828 Urbem

307 1851 611 1906 contulerunt,
660 1849 711 1896 ὅτ
749 1850 797 1895 in
842 1848 965 1896 cellis
1009 1847 1096 1895 suis
1136 1847 1188 1895 &
1223 1847 1391 1910 cryptis
1429 1845 1717 1899 subterraneis
1756 1846 2141 1902 recondiderunt;
2189 1861 2298 1909 quae

305 1929 484 1980 cryptae
514 1918 576 1963 ita
596 1914 1008 1970 clahorataeserant,
1026 1926 1078 1961 ut
1099 1928 1235 1961 nemo
1256 1925 1420 1976 praeter
1442 1912 1541 1964 illos
1561 1914 1722 1959 intrare
1745 1913 1919 1976 poffet3
1950 1925 2079 1960 erant
2100 1913 2147 1971 in
2169 1912 2295 1975 laby-

307 1981 444 2030 rinthi
481 1979 649 2028 formas
684 1979 1043 2034 circumdufiae3
1087 1980 1137 2026 in
1175 1978 1383 2029 thesauris
1419 1977 1484 2025 ibi
1522 1977 1859 2040 congestis,ch
1896 1994 2057 2037 eorum
2093 1989 2201 2037 erat,
2243 1993 2295 2024 ac

304 2048 473 2095 fiducia
490 2051 573 2093 nel
600 2045 787 2108 usquam
824 2047 879 2092 in*
898 2047 1131 2092 ‘aeternum
1170 2043 1515 2100 destruerentur,
1559 2043 1668 2095 visae
1704 2043 1815 2091 mihi
1855 2042 1971 2100 sunt,
2023 2043 2073 2090 δε
2107 2044 2296 2090 miratus

303 2125 445 2161 artem
469 2112 693 2160 condendi
716 2111 828 2168 illas,
860 2111 911 2158 δε
933 2110 1179 2173 ampliandi
1202 2109 1365 2173 absque
1387 2109 1511 2158 fine:
1546 2109 1747 2172 plerique
1768 2125 1825 2156 ex
1848 2109 1936 2156 illis
1957 2109 2037 2172 qui
2061 2107 2102 2155 se
2125 2121 2294 2156 vocant

302 2179 569 2226 e.Societate
590 2176 695 2238 jesu
731 2176 796 2224 ibi
828 2189 967 2232 erant,
1000 2179 1051 2225 δε
1076 2192 1184 2224 cum
1219 2175 1456 2232 divitibus,
1488 2176 1567 2238 qui
1606 2177 1779 2229 circum
1819 2175 1936 2222 circa
1973 2186 2112 2231 erant,
2148 2176 2291 2225 amica

303 2242 521 2291 consortia
540 2241 766 2289 fovebant.
834 2242 999 2289 Versus
1020 2243 1255 2288 Orientem
1291 2243 1337 2289 in
1377 2241 1451 2288 illa
1471 2241 1610 2304 Plaga
1641 2251 1735 2289 erat
1756 2240 2046 2303 Synedrium,
2082 2239 2158 2285 ubi
2180 2255 2291 2286 con-

302 2307 518 2356 saltabant
544 2308 603 2352 de
632 2307 979 2367 amplificatione
1011 2307 1203 2354 dominii
1234 2306 1319 2361 sui,
1351 2322 1403 2353 ac
1433 2307 1490 2353 de
1523 2307 1673 2359 modis
1704 2306 1963 2368 continendi
1990 2304 2214 2368 popul-um
2240 2307 2285 2350 in

302 2385 427 2417 caeca
441 2371 710 2423 obedientia,
733 2370 790 2414 de
811 2385 906 2429 quo
925 2370 1055 2430 supra
1076 2376 1136 2415 n':
1164 2371 1255 2429 56:
1276 2371 1389 2417 ¹haec
1412 2370 1468 2414 de
1485 2370 1854 2416 Habitationibus
1877 2370 2060 2415 illorum
2084 2370 2138 2428 inx
2148 2368 2288 2429 Plaga

306 2434 601 2482 meridionali.
637 2434 723 2493 gln
760 2433 1167 2493 SEPTEM-moun
1210 2431 1465 2478 habitabant
1504 2433 1567 2478 illi
1606 2435 1686 2494 qui
1727 2435 1878 2478 minus
1916 2432 2177 2493 polluerunt
2215 2428 2285 2479 in·

305 2502 457 2561 genio,
492 2499 541 2545 &
577 2499 726 2545 minus
765 2497 808 2544 se
846 2497 1228 2545 confirmaverunt
1255 2498 1313 2546 ,in
1352 2495 1430 2542 suo
1463 2496 1687 2558 religioso,
1721 2512 1778 2544 ex
1799 2513 1855 2544 eo
1876 2497 2003 2559 quod
2027 2498 2073 2542 in
2097 2495 2285 2545 obscura

304 2564 511 2612 facultate
531 2563 829 2627 perspiciendi
847 2562 1031 2620 fuerint,
1064 2564 1115 2610 ὅτ,
1139 2563 1244 2610 inde
1267 2564 1313 2611 in
1335 2577 1454 2613 caeca
1475 2561 1593 2609 fide:
1630 2562 1693 2608 ibi
1723 2576 1814 2608 non
1849 2575 1968 2619 tanta
2001 2573 2093 2608 erat
2116 2562 2280 2625 ,multi-

303 2630 436 2686 tudo,
470 2629 522 2676 ut
557 2630 604 2675 in
628 2628 819 2676 Meridie
840 2651 856 2684 ·,
891 2629 1091 2692 plerique
1113 2644 1170 2676 ex
1193 2629 1279 2676 illis
1302 2640 1424 2676 erant
1447 2628 1492 2674 in
1517 2643 1679 2690 magna
1703 2627 1850 2683 Urbe,
1884 2629 1930 2673 in
1968 2627 2162 2690 longum
2201 2643 2281 2676 ex-

302 2695 421 2755 tensa
452 2694 506 2755 ab
540 2695 706 2755 angulo
737 2694 921 2740 orientis
956 2695 1014 2741 ad
1049 2694 1348 2749 occidentem,
1384 2695 1432 2739 &
1455 2709 1638 2756 quoque
1658 2692 1844 2756 paulum
1873 2693 1926 2750 *in
1950 2694 2239 2752 occidentem
2260 2716 2276 2749 ;

301 2761 376 2808 illa
403 2762 548 2820 etiam
571 2760 715 2822 *plena
746 2771 837 2805 erat
858 2759 1067 2822 Templis
1089 2760 1138 2807 &
1159 2758 1444 2807 Monasteriis
1463 2781 1479 2813 ;
1513 2760 1557 2804 in
1597 2773 1803 2814 extremo
1837 2754 1931 2820 ejus
1968 2758 2279 2822 latere,.qu0d

301 2833 443 2887 prope
478 2826 715 2880 orientem,
747 2837 871 2870 erant
906 2825 1052 2887 plures
1090 2840 1148 2872 ex
1170 2826 1302 2870 ¹varia
1336 2823 1564 2886 religione,
1599 2825 1648 2871 &
1673 2840 1854 2887 quoque
1874 2823 2012 2886 ‘aliqui
2034 2839 2090 2870 ex
2113 2823 2277 2871 Refor-

300 2892 462 2944 matis:
498 2895 638 2952 pauca
670 2890 804 2937 etiam
824 2890 939 2936 'loca
977 2905 1004 2935 a
1024 2889 1181 2952 Papali
1195 2889 1346 2937 Gente
1379 2899 1594 2951 occupata
1629 2904 1766 2946 erant,
1789 2892 1835 2936 in
1874 2889 1947 2936 illa
1980 2889 2122 2952 Plaga
2156 2882 2274 2937 ultra

299 2955 501 3004 Urbem:
559 2957 613 3001 In
637 2956 884 3002 Oaxnn‘rn
910 2953 1236 3010 habitaverunt,
1270 2955 1350 3017 qui
1389 2956 1435 3000 in
1470 2957 1672 3002 maximo
1698 2952 1906 3018 jucundo
1942 2954 2193 3018 imperandi
2227 2956 2274 3002 in

298 3021 476 3069 mundo
505 3036 563 3068 ex
595 3021 670 3069 illa
690 3021 839 3069 Gente
862 3019 1061 3078 fuerunt,
1094 3021 1144 3068 δι
1166 3034 1348 3086 quoque
1371 3019 1589 3084 inaliquo
1611 3015 1796 3069 naturali
1810 3020 1989 3076 lumine
2007 3043 2025 3077 3
2057 3036 2274 3085 apparue-

306 3103 318 3110 “
436 3106 440 3107 ’
1346 3085 1384 3132 F
1421 3100 1445 3134 2
1625 3086 1633 3091 ⁴
1791 3133 1799 3143 ,
2172 3094 2278 3133 runt
