2514 3516
775 278 1782 341 DEDOMINO.
2213 297 2285 348 49

294 406 526 459 XXVIII:
563 420 655 468 3.„
693 405 909 468 Impletus
942 405 1010 455 est
1038 406 1239 471 Joschua
1265 406 1422 470 Spiritu
1442 406 1706 468 Sapientiae„
1741 407 1902 454 Deutr.
1925 401 2157 452 XXXIV:
2190 416 2285 462 9.„

296 470 688 533 Nebuchadnezar
719 470 779 519 de
810 472 1028 528 Daniele,
1065 472 1187 535 quod
1216 472 1394 534 Spiritus
1412 471 1630 529 excellens,
1663 470 1879 527 scientiae,
1914 467 2217 532 intelligentiae
2234 467 2287 516 δε

281 536 500 602 sapientia
522 534 699 585 effetin
717 551 817 594 e0„
853 537 974 601 Dan,
997 537 1123 593 ma.
1132 543 1178 595 5.
1198 574 1213 594 ,
1244 536 1398 584 S’cient
1420 546 1618 583 errantes
1636 536 1791 595 Spiritu
1808 536 2192 598 intelligentiam„
2222 533 2286 580 E-

292 598 576 665 sujaexxust
614 616 688 661 24.
752 602 813 649 Il.
849 603 996 650 Vtut
1026 602 1311 649 mermi-10.
1336 635 1370 657 „
1394 598 1623 648 'Excitavit
1651 598 1859 662 Jehovah
1888 599 2083 659 Spiritum
2124 612 2283 661 regum

294 665 496 722 Mediae,
535 667 701 730 Jer'em:
734 667 811 713 LI.
840 672 961 723 11.,,
982 655 1212 713 ’Excitavit
1235 665 1442 728 Jehovah
1464 667 1659 726 Spiritm
1678 663 1981 719 serub-abelis,
2015 662 2065 710 &
2086 666 2283 724 Spiritum

292 731 495 793 omniurn
526 732 809 794 reliquiarum
827 730 1005 794 populi«.
1039 731 1197 795 Hagg.
1224 731 1269 780 1:
1309 746 1380 789 14.
1396 765 1432 794 3,
1466 729 1535 775 Do
1553 731 1596 775 in
1614 744 1749 791 regem
1768 725 1959 789 AschurIs
1977 726 2198 787 Spiritum,
2231 739 2283 774 ut

293 797 444 845 audiat
471 795 665 856 famam,
697 796 750 845 ἅ
772 808 1020 844 revertatur
1039 795 1086 844 in
1111 803 1273 844 ter'ram
1294 796 1457 852 suam„
1491 793 1611 857 Esaj.
1633 793 1891 842 XXXVII:
1928 806 2019 851 7.„
2053 792 2283 851 Aggram-

293 863 359 910 vit
385 861 593 924 Jehovah
612 862 808 924 Spiritum
825 861 1029 910 Sichonis
1048 863 1210 924 regis„
1246 863 1406 909 Deutr.
1431 861 1497 907 Il:
1532 875 1631 921 30„
1669 858 1808 924 Quod
1827 857 2002 917 alcensiit
2010 855 2135 916 super
2151 855 2283 916 Spiri-

295 936 383 973 tum
413 924 637 984 vestrum,
671 941 761 974 non
791 924 872 974 fiet
904 942 1124 989 unquam,
1157 926 1323 978 Ezech.
1346 925 1460 972 XX:
1498 925 1688 985 32.111:
1726 924 1872 972 Vnst:
1891 934 2142 994 Liuentis-st:
2178 934 2285 982 qua-

298 986 410 1038 tuor
435 990 662 1050 animalia,
686 1006 796 1054 quae
823 1003 950 1039 eraut
980 992 1203 1046 Cherubi‚
1238 990 1333 1039 visa
1367 989 1627 1052 Prophetae,
1663 990 1869 1053 quorsum
1895 998 1993 1035 erat
2024 985 2200 1047 Spiritus
2226 986 2286 1033 ad

298 1055 523 1115 eundum,
554 1058 680 1107 ibant
699 1089 747 1118 „y
772 1056 939 1105 Ezech.
963 1057 1010 1106 1:
1050 1070 1124 1105 12.
1146 1071 1222 1104 20.
1243 1056 1334 1104 IV.
1367 1055 1504 1103 Vtu
1524 1071 1578 1103 1Ν
1598 1069 1782 1104 ‘rmum-2
1798 1092 1811 1113 ,
1845 1067 2031 1102 potone
2054 1065 2115 1097 m·
2137 1064 2288 1108 mm„

294 1120 367 1167 Ut
394 1118 605 1183 liquescat
633 1136 769 1169 omne
787 1136 892 1180 cor,
927 1119 977 1170 δι
997 1117 1278 1170 remittantur
1294 1135 1453 1169 omnes
1474 1136 1631 1169 manus
1645 1154 1662 1178 ,
1698 1120 1750 1169 ἃ
1769 1118 2026 1166 contrahatur
2043 1118 2180 1189 omnis-
2192 1117 2287 1177 Spi-

294 1184 444 1241 ritus„
477 1185 642 1233 Ezech.
677 1186 819 1233 XXI:
856 1201 928 1234 12.
944 1220 978 1244 ,,
1016 1184 1180 1247 Defecit
1209 1187 1336 1250 super
1365 1201 1441 1235 me
1467 1185 1643 1248 Spiritus
1666 1200 1815 1242 mem,
1850 1185 1898 1232 in
1918 1182 2071 1230 medio
2092 1195 2182 1228 mei
2204 1181 2288 1228 ob-

295 1245 505 1310 stupescit
532 1265 613 1298 cor
650 1265 827 1307 meum,
862 1250 1002 1300 Psalm
1035 1250 1228 1301 CXLII:
1258 1266 1306 1311 4.
1329 1251 1493 1300 ‘Psalm
1524 1251 1774 1300 CXLVII:
1807 1266 1855 1308 4.
1889 1284 1920 1304 „
1960 1245 2196 1318 Constitutus
2227 1243 2286 1307 ⁶st

299 1315 474 1374 Spiritus
490 1329 616 1362 meus
631 1352 644 1373 ‚
677 1315 818 1362 Psaltn
840 1316 1064 1364 CXLIII:
1101 1331 1145 1374 7.
1160 1352 1191 1373 „
1228 1317 1403 1363 Indoluit
1426 1317 1600 1377 Spiritus
1620 1332 1746 1363 meus
1762 1353 1774 1373 ,
1809 1313 1928 1375 quod
1950 1328 2025 1359 me
2041 1311 2285 1358 ‘Damelem

299 1377 506 1435 attinet„
539 1380 659 1427 Dan.
684 1381 802 1428 VII:
829 1395 944 1438 152„
978 1379 1165 1441 Spiritus
1185 1380 1424 1428 Pharaonis
1444 1381 1640 1428 turbatus
1660 1379 1770 1439 est„
1799 1380 1922 1427 Gen.
1947 1377 2076 1425 XLI:
2103 1381 2145 1426 8.
2181 1375 2285 1422 Ne-

299 1441 576 1490 bucadnezar
604 1443 743 1501 dixit,
778 1446 961 1490 turbatus
980 1443 1039 1504 est
1059 1445 1233 1501 Spiritus
1251 1460 1407 1502 meus„
1444 1446 1561 1491 Dan.
1585 1446 1650 1493 II:
1688 1462 1732 1506 3.
1750 1479 1781 1501 ‚,
1818 1444 1894 1506 Jvi
1928 1440 2058 1488 tristis
2077 1442 2119 1484 in
2139 1455 2285 1484 excan-

300 1504 494 1566 descentia
516 1509 689 1569 Spiritus
706 1508 797 1556 mei
819 1543 851 1566 ‚,
890 1508 1050 1556 Ezech.
1072 1509 1165 1557 III:
1205 1524 1275 1568 ¹4·
1297 1509 1362 1557 V.
1397 1510 1532 1558 Vm
1556 1524 1804 1557 virtutum
1827 1517 2162 1555 Arftcrtouuu
2194 1519 2286 1550 MA·-

298 1568 511 1627 L'nmm:‚
549 1570 703 1619 Modo
733 1587 823 1620 non
855 1575 1086 1634 in·Spiritu
1117 1575 1206 1634 ejus
1234 1574 1383 1633 dolus„
1418 1574 1560 1622 Psalm
1592 1574 1791 1622 XXXII:
1822 1587 1889 1631 2.,
1924 1569 2132 1632 Jehovah
2155 1582 2282 1615 com-

298 1633 477 1683 miscuit
493 1635 541 1683 in
562 1635 718 1683 medio
733 1637 827 1699 ejus
846 1638 1041 1697 Spiritum
1061 1635 1415 1698 perversitatum„
1449 1637 1566 1702 Esaj.
1593 1638 1727 1686 XIX:
1767 1651 1843 1696 14.
1861 1671 1896 1693 ‚,
1928 1635 2060 1683 Dixit
2080 1633 2281 1694 Prophe-

298 1698 356 1747 tis
368 1696 540 1760 stultis,
574 1700 832 1762 qui'abeunt
852 1699 953 1762 post
973 1700 1167 1763 Spiritum
1186 1701 1336 1757 suum,
1361 1702 1524 1750 Ezech.
1546 1702 1678 1750 XIII:
1702 1717 1746 1762 3.
1780 1736 1814 1759 ,,
1849 1700 2017 1749 Stultus
2036 1698 2284 1761 propheta,

302 1761 464 1824 irffanus
482 1766 549 1811 vir
570 1767 786 1827 Spiritus„
821 1764 993 1813 Hoseh.
1019 1765 1106 1814 IX:
1125 1780 1214 1826 7.„
1248 1765 1500 1814 Observate
1529 1782 1612 1815 vos
1643 1782 1723 1829 per
1747 1768 1941 1829 Spiritum
1961 1764 2162 1826 vestrum,
2195 1778 2290 1812 net:

302 1827 424 1890 agite
444 1828 659 1891 perfide„
691 1830 881 1878 Malach
918 1831 985 1880 11:
1012 1833 1085 1878 16.
1109 1865 1142 1886 ‚‚
1177 1832 1351 1892 Spiritus
1361 1830 1651 1894 scortationum
1674 1830 1895 1888 seduxit„
1929 1831 2060 1878 Sach.
2085 1828 2170 1876 IV:
2209 1843 2285 1875 12.

303 1892 482 1952 Spiritus
498 1891 784 1955 scortationum
808 1897 855 1944 in
881 1895 1033 1945 medio
1063 1894 1235 1944 illorum
1251 1931 1283 1953 ‚,
1318 1895 1490 1944 Hosch.
1518 1897 1581 1944 V.
1602 1912 1647 1956 4.
1663 1930 1701 1954 ‚,
1734 1898 1849 1943 Cum
1872 1893 2067 1942 transivit
2087 1892 2215 1954 super
2237 1893 2289 1940 il-

302 1957 396 2005 lum
420 1957 594 2018 Spiritus
619 1959 874 2021 Zelotypiae„
910 1961 1054 2009 Num.
1083 1961 1148 2009 V.
1174 1975 1244 2019 14.
1261 1996 1292 2018 ,,
1329 1962 1417 2010 Vir
1436 1962 1510 2023 qui
1532 1961 1791 2022 vagabundus
1811 1962 1988 2023 Spiritu,
2022 1959 2072 2007 ἃ
2094 1958 2283 2006 menda·

302 2021 425 2069 cium
452 2020 646 2080 effutit„
675 2024 827 2072 Mich.
864 2026 927 2073 II:
967 2042 1084 2084 11.„
1120 2025 1390 2081 Generatio,
1423 2027 1546 2091 cujus
1566 2042 1643 2072 non
1665 2026 1850 2083 constans
1865 2040 1953 2071 cum
1976 2027 2064 2072 Deo
2079 2023 2285 2082 Spiritus,
2316 2058 2318 2060 -

300 2085 442 2133 Psalm
462 2086 732 2136 LXXVIII:
754 2094 798 2141 8.
811 2126 844 2149 „
864 2089 1039 2140 Effusas
1062 2090 1190 2152 super
1209 2090 1304 2138 illos
1326 2091 1501 2153 Spiritus
1507 2090 1782 2153 fhrnnolcntiae
1795 2127 1827 2148 „
1850 2090 1963 2151 Esaj.
1988 2088 2155 2137 XIXX.
2172 2102 2285 2144 10.„

301 2151 541 2213 Concipite
569 2153 847 2216 quisquilias,
881 2156 1025 2218 parite
1050 2153 1252 2216 stIpulatn
1266 2189 1282 2213 ,
1318 2157 1417 2216 quod
1431 2158 1485 2202 ad
1500 2158 1679 2216 Spirtum
1701 2155 1903 2218 vestrum,
1938 2155 2051 2216 ignis
2071 2150 2284 2199 comedet

303 2230 431 2273 vos„
466 2216 582 2279 Esaj.
617 2218 834 2266 XXXIII.
863 2235 938 2268 11.
962 2221 1051 2268 VI.
1077 2220 1209 2268 Vin
1224 2221 1527 2269 Iurnumms:
1563 2255 1596 2278 ,‚
1629 2219 1823 2280 Spiritum
1843 2221 2085 2264 immundum
2105 2214 2289 2262 transire

301 2278 465 2327 faciam
496 2295 525 2327 e
552 2294 669 2328 terra
678 2314 713 2339 ‚,
746 2282 879 2329 Sach.
910 2284 1040 2331 XIII.
1074 2297 1165 2336 2.„
1200 2284 1395 2348 Quando
1427 2285 1602 2344 Spiritus
1626 2283 1851 2329 immundus
1884 2284 1975 2328 exit
1997 2284 2052 2327 ab
2075 2279 2285 2339 homine,

301 2345 579 2403 perambulat
605 2346 708 2391 loca
738 2345 936 2400 arentia,'
967 2346 1019 2393 δι
1044 2344 1197 2407 postea
1234 2347 1435 2409 adjungit
1464 2346 1544 2394 fibi
1568 2346 1739 2407 septem
1758 2346 1931 2406 Spiritus
1951 2347 2104 2406 pejores
2123 2343 2193 2400 se,
2228 2342 2283 2393 &

303 2406 480 2468 ingr-effi
515 2406 714 2455 habitant
739 2407 851 2465 ibi„
883 2409 1056 2456 Matth.
1090 2409 1191 2455 XII.
1225 2424 1416 2469 43.·44.
1452 2423 1575 2467 45.,,
1609 2411 1808 2472 Babylon
1844 2407 1966 2455 fafika
1992 2407 2059 2455 est
2078 2406 2285 2457 custodia

302 2469 477 2530 Spiritus
510 2472 742 2528 immundi„
777 2474 926 2534 Apoc.
961 2473 1143 2520 XVIII.
1179 2487 1221 2520 2.
1257 2474 1363 2520 VII.
1395 2474 1560 2520 Praeter
1592 2473 1707 2534 ipsos
1740 2473 1927 2535 Spiritus
1962 2473 2224 2531 infernales,
2257 2489 2288 2523 a

305 2535 460 2596 quibus
477 2533 679 2584 homines
697 2538 849 2584 vexati
869 2535 989 2594 sunt,
1025 2537 1196 2584 Matth.
1219 2537 1351 2584 VIII.
1384 2542 1440 2584 16
1464 2539 1572 2598 Cap.
1596 2538 1653 2584 X.
1679 2554 1719 2586 1.
1742 2539 1852 2600 Cap.
1873 2538 1977 2586 XII.
2003 2551 2082 2596 43.
2104 2552 2183 2596 44.
2201 2553 2282 2598 45.

306 2600 462 2647 Marc.
495 2599 533 2646 I.
570 2614 645 2663 23.
667 2602 725 2649 ad
756 2616 832 2661 29.
866 2602 975 2664 Cap.
1005 2602 1087 2651 IX.
1117 2616 1172 2662 17
1198 2601 1255 2649 ad
1286 2616 1357 2660 29.
1377 2603 1486 2649 Luc„
1520 2603 1608 2651 IV.
1633 2617 1708 2664 33.
1734 2606 1809 2662 36.
1844 2603 1956 2662 Cap.
1983 2602 2073 2652 VI.
2100 2616 2173 2664 17.
2206 2609 2286 2655 18.

305 2664 416 2726 Cap.
451 2665 559 2712 VII.
583 2680 660 2713 21.
695 2667 805 2728 Cap.
839 2665 972 2714 VIII.
1008 2683 1052 2715 2.
1080 2681 1155 2724 29.
1186 2670 1297 2728 Cap.
1325 2666 1407 2714 IX.
1443 2682 1516 2727 39.
1549 2682 1627 2725 42.
1657 2682 1735 2728 55.
1765 2667 1875 2731 Cap.
1899 2667 1958 2716 X.
1986 2683 2062 2727 24.
2096 2681 2173 2727 25.
2204 2673 2283 2717 26.

304 2729 417 2792 Cap.
439 2729 563 2777 XIII.
596 2746 670 2778 11.
687 2732 837 2793 Apoc.
860 2731 990 2797 XIII.
1016 2747 1088 2790 15.
1112 2733 1222 2794 Cap.
1248 2732 1380 2778 XVI.
1406 2747 1475 2792 13.
1505 2747 1564 2792 14

315 2801 317 2803 ’
369 2808 445 2851 49.
478 2793 601 2859 ,Quod
609 2808 682 2857 per
699 2796 892 2857 Spiritum
914 2797 1163 2859 intelligatur
1182 2798 1269 2842 vita
1287 2796 1556 2857 Regenerati,
1590 2813 1677 2859 quae
1699 2809 1864 2845 uocatur
1885 2799 1972 2845 vita
1988 2797 2286 2860 spiritualis„

307 2857 430 2921 Jesus
461 2858 603 2916 dixit,
635 2859 714 2908 nifi
743 2861 837 2920 quis
864 2874 1099 2922 generatus
1119 2860 1252 2908 fuerit
1268 2876 1325 2908 ex
1347 2875 1460 2922 aqua
1479 2861 1530 2910 &
1552 2865 1733 2923 Spiritu,
1767 2878 1856 2910 non
1878 2861 2024 2924 potest
2044 2862 2219 2926 ingredi
2235 2863 2283 2912 in

305 2925 516 2986 Regnum
541 2923 628 2970 Dei
641 2957 672 2979 ‚‚
708 2924 812 2986 Joh.
837 2926 922 2982 III,
945 2940 988 2983 5.
1007 2961 1038 2983 ,,
1072 2926 1207 2972 Dabo
1226 2926 1352 2974 vobis
1370 2941 1448 2973 cor
1473 2942 1667 2985 novum,
1696 2926 1746 2976 ἃ
1768 2927 1962 2990 Spiritum
1981 2943 2142 2976 novum.
2194 2930 2286 2991 Spi-

303 2991 427 3035 ritum
457 3003 585 3034 meum
618 2989 734 3037 dabo
762 2990 808 3036 in
829 2990 982 3038 medio
1001 2987 1162 3047 vestri,
1195 2988 1244 3037 ἃ
1266 2989 1431 3039 faciam
1453 3003 1501 3040 ut
1520 2992 1566 3040 in
1587 2990 1760 3041 statutis
1782 2991 1894 3041 meis
1910 2993 2189 3052 ambuletis„
2224 2993 2287 3040 E-

305 3054 427 3102 zech.
460 3051 680 3101 XXXVI.
717 3058 790 3101 26.
819 3069 886 3115 27.
906 3090 936 3112 „
970 3056 1283 3103 Dare-novum
1310 3071 1388 3104 cor
1408 3055 1460 3104 ὅ(
1479 3072 1622 3121 novum
1642 3055 1883 3119 Spiritum„
1916 3057 2079 3107 Ezech.
2100 3058 2183 3105 XI.
2211 3072 2285 3117 19.

305 3120 396 3166 Cor
416 3119 628 3166 mundum
649 3133 752 3166 crea
771 3120 817 3166 in
842 3134 915 3165 me
937 3120 1059 3166 Deus
1070 3123 1090 3176 ‚'
1121 3118 1171 3168 ἃ
1192 3121 1387 3184 Spiritum
1400 3120 1571 3183 firmum
1591 3121 1758 3172 innova
1775 3122 1821 3171 in
1842 3122 1996 3171 medio
2016 3123 2120 3172 mei.
2189 3124 2279 3170 Re-

304 3182 394 3231 duc
422 3181 530 3232 mihi
559 3185 773 3247 gaudium
801 3183 945 3235 salutis
971 3197 1087 3246 tuae3
1120 3183 1171 3237 δι
1195 3187 1370 3249 Spiritus
1368 3186 1621 3300 &pontaticus
1637 3185 1848 3238 sustentet
1865 3203 1988 3249 me„
2020 3187 2282 3239 Psalm..LI.

2207 3264 2283 3298 12.
