2632 3516
640 276 854 335 PRo
930 273 1226 334 N‘OVA
1299 255 2117 366 HissssosoLYMA„
2288 299 2355 348 33

370 452 615 611 'Quod
668 504 899 584 homo
954 502 1218 583 debeat
1251 500 1507 608 fugere
1554 499 1733 580 mala
1764 506 1849 579 'ut
1895 522 2191 608 pecoeta
2203 565 2228 603 ,
2282 510 2360 584 &

765 638 1091 720 pugnare
1122 627 1379 689 contra
1418 607 1530 688 illa
1543 668 1566 700 ,
1614 608 1796 689 ficut
1823 636 1864 687 a
1891 608 1979 689 se.

385 833 491 869 ror.
615 835 646 870 x
669 820 844 870 Divino
861 817 1035 868 Ordine
1063 816 1155 876 est,
1190 826 1238 864 ut
1266 815 1405 865 homo
1425 829 1481 864 ex
1501 815 1670 864 Libero
1691 815 1933 865 secundum
1957 816 2203 867 Rationem
2217 820 2351 883 agat,

526 828 612 940 E
646 886 858 948 quoniam
884 897 941 932 ex
969 883 1109 932 libero
1139 881 1376 931 secundum
1401 881 1622 929 rationem
1644 895 1804 945 agere,
1836 879 1904 929 est
1927 896 1983 930 ex
2005 881 2052 930 se
2070 895 2219 945 agere.
2252 884 2351 933 Ve-

378 963 478 998 rum
497 949 615 997 binae
634 949 718 998 illae
738 950 1015 1005 Facultates,
1048 949 1271 996 Latmum
1289 945 1341 995 ἀ
1359 946 1548 1003 Ram,
1581 959 1673 994 non
1696 945 1793 994 sunt
1813 947 2007 1010 propriae
2028 946 2247 1006 hominis,
2275 947 2350 997 sed

376 1013 476 1062 sunt
509 1015 697 1063 Domini
725 1013 844 1078 apud
878 1014 1027 1070 illum3
1057 1010 1109 1061 δι
1127 1024 1342 1075 quatenus
1360 1009 1426 1058 est
1449 1009 1613 1068 homo,
1647 1025 1738 1058 non
1759 1012 1803 1059 ei
1823 1010 2107 1072 auferuntur,
2142 1012 2357 1076 quoniam

375 1077 541 1141 absque
558 1078 638 1127 illis
661 1093 751 1127 non
773 1076 920 1141 potest
937 1077 1200 1134 reformari3
1230 1089 1322 1123 non
1340 1075 1458 1123 enim
1479 1073 1626 1138 potest
1645 1075 1949 1138 paenitentiam
1967 1091 2130 1141 agere,
2158 1092 2248 1126 non
2273 1093 2355 1139 po·

378 1141 466 1190 test
486 1157 685 1205 pugnare
705 1154 863 1190 contra
880 1142 1022 1198 mala,
1056 1139 1107 1190 δι
1127 1140 1230 1189 dein
1252 1139 1402 1188 facere
1419 1138 1585 1189 fruetus
1603 1140 2052 1214 dignos-paenitentia.
2084 1141 2140 1190 N
2141 1157 2229 1191 unc
2251 1143 2356 1207 quia

294 1224 297 1225 ⁷
378 1205 594 1254 Liberum
615 1206 666 1257 ἃ
682 1206 823 1255 Ratio
840 1205 941 1254 sunt
958 1205 1127 1254 homini
1146 1220 1173 1254 a
1190 1203 1420 1266 Domino,
1456 1203 1508 1254 δι
1528 1203 1669 1254 homo
1687 1220 1743 1254 ex
1762 1205 1845 1254 ulis
1866 1205 1988 1269 agit,
2020 1205 2211 1272 sequitur
2231 1207 2354 1271 quod

377 1285 470 1319 non
494 1283 602 1334 agat
632 1286 688 1319 ex
709 1272 779 1329 se,
804 1270 889 1319 sed
905 1269 1018 1319 ficut
1036 1284 1092 1317 ex
1119 1269 1178 1317 se.
1198 1267 1279 1330 (a)
1584 1323 1587 1326 ‚

446 1349 554 1384 102.
590 1336 812 1384 Dominus
845 1347 970 1384 amat
1001 1333 1256 1391 hominem,
1290 1332 1343 1382 δι
1360 1334 1457 1381 vult
1470 1333 1680 1383 ‘habitare
1701 1335 1820 1397 apud
1842 1335 1998 1394 illum,
2031 1350 2119 1385 nec
2139 1333 2286 1398 potest
2306 1351 2358 1386 a-
2404 1328 2419 1414 l

378 1411 505 1447 mare
531 1399 651 1447 illum
686 1397 738 1447 δε
766 1400 966 1447 habitare
993 1398 1111 1459 apud
1136 1399 1287 1457 illum,
1319 1397 1399 1446 nifi
1426 1398 1671 1461 recipiatur
1686 1397 1737 1447 ἃ
1755 1400 1991 1462 reciproce
2012 1412 2215 1457 ametur3
2245 1401 2352 1450 inde
2416 1415 2423 1479 ’ἲ

376 1461 431 1511 δι
447 1478 538 1512 non
556 1463 733 1511 aliunde
753 1461 821 1513 est
842 1461 1124 1527 conjunctio:
1160 1463 1382 1511 Dominus
1401 1475 1586 1526 propter
1601 1464 1719 1511 illam
1737 1464 1913 1512 causam
1932 1464 2059 1513 dedit
2079 1464 2254 1513 homini
2277 1465 2357 1514 Li·

376 1527 534 1576 berum
551 1526 602 1576 δι
626 1528 893 1587 Rationem,
927 1527 1139 1576 Liboeum
1152 1526 1389 1590 cogitandi
1407 1527 1456 1576 δι
1477 1528 1658 1576 volendi
1680 1526 1792 1576 ficut
1810 1542 1838 1577 a
1858 1528 1927 1586 se,
1946 1528 1997 1577 ἃ
2018 1528 2266 1578 Rationem
2285 1529 2353 1579 se-

376 1591 574 1640 cundum
601 1605 762 1654 quam3
795 1606 947 1640 amare
980 1592 1170 1654 aliquem
1201 1594 1251 1640 ὄι
1271 1591 1483 1655 conjungi
1506 1591 1593 1650 illi,
1627 1591 1704 1640 cui
1722 1607 1813 1640 non
1830 1591 1897 1640 est
1919 1592 2228 1655 reciprocum,
2262 1608 2354 1644 non
2417 1594 2429 1657 j

377 1655 537 1716 datur,
567 1670 654 1704 nec
680 1656 842 1704 intrare
871 1655 928 1704 ad
965 1655 1158 1717 aliquem
1189 1654 1239 1703 δι
1272 1671 1453 1704 manere
1481 1658 1599 1718 apud
1620 1672 1753 1719 quem
1775 1671 1866 1705 non
1886 1655 1951 1705 est
1970 1656 2197 1721 receptio:
2238 1674 2354 1722 quo-

376 1719 731 1831 ’ῗῧιὲἲηῗῖῗὲᾗῖ
754 1719 812 1838 ἓν
830 1720 1176 1846 ’ἕξέρεΐζῗῡῖῶ
1193 1718 1494 1845 issffissvffin‘
1514 1736 1542 1767 ³
1561 1721 2348 1850 ’ἒὲῗῖηᾝιῖῗιέᾞέωῗὲἴῑῐ

379 1849 417 1899 lo
431 1883 447 1905 ‚
479 1849 544 1896 hic
591 1858 651 1895 ert
668 1845 860 1910 fruiium
889 1848 1107 1906 multmn„
1131 1819 1242 1909 ’Joh.
1274 1847 1385 1895 XV.
1420 1801 1604 1907 515’1'1
1638 1849 1700 1895 die
1721 1847 1786 1894 illo
1813 1821 2069 1911 cognoscet'is,
2103 1803 2204 1912 quoffl
2216 1867 2288 1899 vos
2311 1845 2359 1900 iu'

378 1913 486 1970 Me,
611 1911 703 1973 Ego
736 1913 779 1958 in
795 1914 952 1970 vob1‘s,·,
986 1911 1089 1974 Joh.
1110 1912 1242 1959 XIV.
1269 1926 1343 1961 20.
1369 1911 1508 1977 Quod
1528 1913 1749 1961 Dominus
1769 1910 1823 1959 fit
1844 1914 1890 1961 in
1907 1912 2026 1962 veris
2046 1912 2097 1963 δι
2121 1916 2167 1963 in
2191 1916 2320 1964 bonis
2332 1949 2351 1973 ,

377 1990 477 2042 quae
509 1976 647 2024 horno
665 1975 849 2037 recipit,
882 1975 935 2025 ἅ
952 1977 1053 2024 sunt
1070 1976 1189 2038 apud
1211 1977 1334 2026 illum
1347 2013 1362 2035 ‚
1398 1978 1537 2025 etiam
1562 1977 1742 2035 docet„
1776 1976 1827 2023 Si
1847 1974 2072 2038 manseritis
2091 1979 2134 2024 in
2156 1979 2261 2035 Me,
2297 1978 2356 2034 Εἰ

377 2042 500 2088 verba
518 2057 606 2088 mea
629 2041 671 2087 in
690 2042 801 2088 vohis
819 2039 1050 2103 manserint.
1083 2041 1134 2089 Si
1151 2042 1341 2088 mandata
1356 2040 1718 2103 ineaftrvaveritis
1729 2076 1743 2098 ,
1778 2043 1989 2089 manebitis
2009 2043 2053 2088 in
2072 2057 2206 2090 amore
2224 2059 2355 2103 meo„

378 2104 483 2170 Joh.
515 2105 627 2154 XV.
657 2119 701 2165 7.
742 2119 815 2152 10.
831 2140 861 2163 „
888 2105 980 2171 ¹Qui
1002 2105 1122 2153 babet
1145 2117 1346 2167 proecepta
1375 2121 1463 2152 mea
1482 2103 1663 2163 &facit
1679 2104 1779 2162 illa,
1813 2106 1879 2151 ille
1896 2115 2011 2151 amat
2034 2109 2140 2163 Me,
2172 2105 2230 2158 &²
2255 2108 2351 2167 Ego

377 2170 518 2216 amabo
537 2169 672 2226 illum,
707 2166 763 2221 ὅ)
787 2170 892 2229 apud
908 2170 1020 2214 illum
1039 2169 1269 2226 habitabo„
1303 2168 1406 2229 Joh.
1429 2167 1562 2214 xlv.
1585 2181 1662 2214 21.
1684 2181 1773 2227 23,-
1803 2168 1867 2215 ita
1882 2168 2105 2216 Dominus
2126 2170 2355 2219 habitatin

376 2230 456 2279 suo
472 2231 589 2293 apud
614 2231 868 2286 hominem,
901 2230 952 2278 ἃ
970 2231 1109 2278 homo
1127 2232 1175 2277 in
1194 2231 1274 2277 illis
1294 2246 1392 2291 quae
1411 2245 1438 2277 a
1458 2230 1663 2279 Domino
1682 2229 1804 2288 sunt,
1838 2231 1902 2278 ita
1924 2231 1971 2278 in
1991 2232 2208 2280 Domino.

444 2310 551 2356 103.
586 2295 812 2361 Quoniam
834 2294 939 2341 illud
963 2295 1241 2354 reciprocum
1262 2291 1311 2340 δι
1337 2293 1548 2352 viciffim,
1581 2293 1631 2340 ἃ
1657 2293 1765 2340 inde
1786 2306 2013 2351 mutuum,
2038 2293 2105 2342 est
2125 2295 2244 2358 apud
2267 2295 2351 2344 ho-

375 2358 543 2406 minem
562 2372 589 2406 a
613 2358 814 2406 Domino
828 2391 843 2410 ‚
875 2356 983 2405 ideo
1001 2356 1110 2406 dicit
1131 2357 1350 2404 Dominus
1373 2357 1490 2418 qood
1512 2357 1649 2404 homo
1672 2357 1974 2417 paenitentiam
1996 2371 2129 2419 aget3
2150 2358 2348 2409 &nemo

368 2422 678 2486 paenitentiam
702 2420 849 2485 potest
866 2436 999 2484 agere
1018 2420 1098 2468 nifi
1118 2419 1226 2469 ficut
1245 2434 1272 2468 a
1300 2419 1342 2467 se
1356 2436 1412 2477 3„
1446 2418 1574 2481 Jcsus
1593 2422 1697 2466 dixit
1712 2457 1725 2477 ,
1759 2418 1837 2479 nisi
1852 2422 2131 2481 paenitentiam
2153 2426 2346 2484 egeritis,

377 2502 510 2534 omnes
532 2488 759 2548 peribitis„
793 2487 904 2533 Luc.
926 2486 1053 2533 xm.
1077 2501 1119 2546 3.
1142 2499 1186 2543 5.
1199 2519 1232 2544 ‚,
1268 2482 1395 2544 Jefias
1410 2485 1540 2540 dixit,
1574 2485 1898 2546 appropinquavit
1919 2483 2108 2544 Regnum
2133 2485 2244 2545 Dei,
2266 2500 2352 2550 pae·

377 2553 587 2595 nitentium
614 2552 751 2607 agite,
784 2550 926 2592 credite
959 2549 1227 2607 Evangelio„
1265 2548 1414 2593 Marc.
1448 2548 1484 2593 Ι.
1522 2563 1593 2606 14.
1633 2561 1751 2605 15„
1783 2543 1911 2604 Jesus
1931 2547 2035 2594 dixit
2048 2584 2062 2602 ..
2097 2553 2194 2597 veni
2209 2552 2265 2596 ad
2275 2566 2350 2598 vo-

380 2611 546 2658 candum
566 2621 785 2671 peccatores
809 2610 864 2656 ad
873 2611 1150 2671 paenitentiam
1165 2643 1201 2668 ,‚
1237 2611 1349 2657 Luc.
1377 2609 1439 2656 V.
1465 2624 1541 2671 32.
1558 2646 1591 2669 ‚‚
1626 2607 1755 2672 Jefits
1774 2611 1878 2656 dixit
1903 2610 2116 2672 Ecclesiis‚
2148 2615 2350 2675 peniten-

382 2678 483 2721 tiam
514 2675 668 2735 agite„
704 2676 851 2736 Apoc.
888 2673 948 2720 11.
982 2687 1027 2732 5.
1068 2679 1142 2721 16.
1170 2688 1245 2721 21.
1272 2688 1346 2721 22.
1366 2674 1476 2737 Cap.
1501 2675 1583 2722 111.
1603 2689 1650 2734 5.
1667 2685 1816 2733 tum„
1847 2676 1943 2722 Non
1954 2679 2234 2739 pcenitentiam
2259 2693 2353 2742 ege-

317 2800 326 2804 ?
376 2750 477 2786 runt
494 2752 546 2786 ex
568 2740 742 2800 operibus
753 2737 892 2800 ficis„
926 2738 1077 2801 Apoc.
1098 2738 1230 2788 XVI.
1261 2752 1279 2786 1
1294 2752 1335 2787 1.

433 3008 492 3060 (a)
521 3009 635 3064 Quod
657 3010 805 3049 homini
827 3010 870 3049 fit
888 3012 1070 3050 Liberum
1091 3023 1112 3049 a
1132 3013 1329 3059 Domino,
1357 3013 1530 3052 videatur
1552 3014 1661 3062 supra
1678 3024 1717 3051 n.
1736 3024 1798 3059 19.
1822 3025 1890 3059 20;
1917 3012 1954 3052 ἃ
1974 3014 2014 3052 in
2038 3014 2170 3063 Opere
2190 3015 2241 3054 de
2262 3017 2347 3054 (ΞΒ-

380 3069 439 3099 ιο
467 3072 520 3100 εἰ·
545 3066 745 3107 lui-zano,
774 3072 813 3099 n.
843 3064 919 3109 589
938 3062 984 3099 ad
1006 3067 1080 3108 596
1089 3091 1099 3107 ,
1126 3061 1161 3099 &
1181 3074 1219 3102 n.
1241 3074 1314 3110 597
1333 3063 1380 3102 ad
1400 3069 1487 3111 603.
1518 3065 1621 3116 Quid
1640 3065 1845 3112 Liberum,
1869 3065 2045 3106 videatur
2064 3067 2103 3106 in
2123 3066 2346 3107 Docrma

377 3111 514 3152 Now
541 3112 854 3153 Hsmosonuoe
872 3112 1041 3153 Londini
1063 3119 1162 3162 1758
1185 3113 1310 3162 edita,
1337 3126 1377 3155 n.
1400 3126 1472 3161 141
1499 3119 1547 3154 ad
1572 3125 1659 3164 149.

1399 3166 1440 3213 E
