2514 3516
244 302 345 352 ‘16
457 288 949 350 DOCTRINA
996 292 1272 352 NOVAE
1323 293 2032 358 HIEROSOLYMAE

259 421 368 468 'haec
388 418 510 479 sunt,
526 430 573 468 ut
594 417 800 481 Scriptura
818 418 1042 481 impleretur
1055 455 1069 478 ,
1105 434 1156 468 os
1176 435 1267 468 non
1283 419 1573 486 confringetis
1587 421 1748 487 Ipfius:
1775 423 1826 474 ὅτ
1845 425 1984 474 rursus
2000 425 2081 473 alia
2101 424 2233 489 Scrip-

266 495 363 532 tura
382 484 504 542 dicit,
539 482 777 542 videbunt,
811 499 944 545 quem
966 483 1318 542 transfoderunt,
1351 484 1454 548 Joh.
1482 485 1603 534 XIX.
1625 493 1701 550 36.
1731 503 1806 550 37.
1828 502 1986 553 praeter
2007 491 2132 547 alibi,
2154 491 2230 539 ubi

260 550 368 598 loca
391 549 714 612 Prophetarum
746 547 1054 608 adducuntur,
1090 547 1140 598 ὅτ
1176 565 1265 598 non
1294 549 1417 597 simul
1442 549 1626 613 dicitur,
1659 555 1894 621 quod-Lex
1914 553 1988 603 seu
2007 556 2231 617 Scriptura

258 614 451 675 impleta
472 613 540 663 fit.
607 612 746 679 Quod
766 628 901 661 omne
920 613 1066 662 Verbi
1085 614 1143 662 de
1163 614 1264 676 Ipso
1287 613 1495 677 scriptum
1521 614 1594 674 fit,
1628 614 1679 664 δι
1701 618 1818 680 quod
1837 618 1883 666 in
1903 619 2130 668 Mundum
2150 635 2231 667 ve·

261 679 380 728 nerit
410 690 458 726 ut
486 677 591 727 illud
619 678 848 740 impleret,
883 676 1039 725 docuit
1072 678 1208 726 etiam
1229 678 1477 742 Disprulos
1501 692 1735 743 antequam
1757 683 1921 742 abivit,
1956 683 2022 735 his
2042 684 2232 740 verbis„

238 742 389 813 ·Jesus
415 742 474 791 ad
503 742 763 805 discipulos,
795 739 914 789 stulti
943 739 994 789 δι
1021 741 1134 791 tardi
1155 743 1291 791 corde
1310 744 1365 791 ad
1384 743 1655 792 credendum
1674 747 1907 802 omnibuS‚
1941 763 2038 809 quae
2059 749 2230 811 loquuti

258 808 362 856 sunt
379 806 638 870 Prophetae3
671 820 818 854 nonne
835 805 926 854 hoc
945 808 1184 868 oportebat
1202 808 1294 871 pati
1314 807 1534 857 Christum
1547 842 1561 864 ‚
1597 807 1646 857 &
1666 810 1839 873 ingredi
1858 811 1903 859 in
1922 811 2130 874 gloriam:
2164 813 2231 862 in-

254 872 432 935 cipiens
465 886 600 934 porro
630 885 658 918 a
692 868 806 932 Mose
831 868 889 923 ἐξ
918 872 970 916 ab
995 873 1170 919 omnibus
1202 873 1428 936 Prophetis,
1462 874 1773 936 interpretatus
1798 873 1863 921 est
1885 873 1965 923 illis
1983 877 2028 923 in
2048 878 2227 924 omnibus

261 937 479 998 Scriptnris
501 935 547 982 de
577 933 689 997 Jpfh,
713 935 824 983 Luc.
847 935 1020 990 XXIV.
1046 951 1120 995 25.
1145 941 1220 985 26.
1246 952 1319 999 27.
1345 939 1507 996 Porro,
1531 973 1564 996 ‚,
1579 937 1699 999 Jesus
1719 938 1831 986 dixit
1851 937 2093 1002 discipulis,
2129 940 2228 989 haec

255 999 358 1048 sunt
377 1002 540 1057 verba,
574 1014 672 1062 quae
691 1001 893 1062 loquutus
913 999 1006 1047 sum
1027 1001 1084 1048 ad
1104 1016 1211 1059 νος,
1249 1018 1351 1050 cum
1376 1002 1523 1050 adhuc
1555 1001 1689 1050 effem
1718 1002 1976 1061 vobiscum,
2005 1005 2104 1065 quod
2121 1017 2228 1065 opor-

255 1074 360 1112 teret
389 1064 543 1125 impleri
568 1066 701 1111 omnia
727 1079 814 1125 quae
830 1063 985 1126 scripta
1002 1063 1105 1125 sunt
1126 1067 1168 1112 in
1190 1069 1301 1127 Lege
1321 1065 1456 1125 Mofis
1474 1064 1530 1119 δέ’
1558 1064 1842 1128 Prophetis&
1861 1066 2034 1128 Psalmis
2055 1067 2099 1114 de
2121 1070 2226 1124 Mc,

257 1130 368 1177 Luc.
400 1126 575 1175 XXIV.
598 1142 676 1186 44.
703 1141 735 1186 4
738 1143 781 1187 5.
850 1127 986 1192 Quod
1005 1130 1226 1182 Dominus
1246 1132 1290 1178 in
1311 1130 1491 1178 Mundo
1507 1131 1759 1193 impleverit
1781 1131 1932 1178 omnia
1953 1131 2121 1189 Verbi,
2156 1131 2225 1179 >us-

251 1208 346 1256 que
364 1192 422 1241 ad
444 1191 772 1256 fingulariffima
789 1194 1035 1256 ejuS,patet
1055 1194 1111 1240 ab
1130 1193 1196 1242 his
1215 1194 1351 1257 Ipsius
1371 1194 1543 1253 verbis,
1570 1228 1607 1252 „
1624 1197 1771 1243 Amen
1795 1194 1898 1242 dico
1921 1195 2052 1243 vobis
2067 1194 2225 1258 ,usque

255 1258 365 1305 dum
395 1268 628 1319 praetereat
661 1258 819 1305 caelum
837 1256 883 1305 δι
905 1269 1050 1314 terra,
1078 1259 1198 1318 jotha
1219 1274 1326 1314 una,
1361 1269 1432 1305 aut
1450 1273 1571 1306 unum
1593 1259 1827 1306 corniculum
1847 1274 1922 1304 non
1935 1262 2156 1320 preteribit
2178 1261 2223 1305 de

257 1322 395 1384 Lege,
426 1321 542 1367 donec
557 1324 692 1366 omnia
700 1320 839 1381 fiant,
875 1320 1043 1368 Matth.
1065 1321 1132 1368 V.
1157 1327 1229 1372 18.
1294 1322 1363 1368 Ex
1388 1321 1456 1368 his
1476 1335 1591 1368 nunc
1613 1323 1730 1369 clare
1750 1322 1891 1370 videri
1911 1321 2081 1383 potest,
2104 1325 2223 1385 quod

255 1400 338 1447 per
365 1386 409 1433 id
439 1384 558 1446 quod
589 1385 812 1433 Dominus
833 1385 1084 1445 impleverit
1108 1384 1260 1432 omnia
1280 1386 1439 1447 Legis,
1475 1399 1564 1431 non
1584 1385 1849 1450 intelligatur
1869 1385 1987 1456 quod
2009 1387 2223 1449 impleve-

253 1450 311 1498 rit
335 1449 486 1498 omnia
504 1460 731 1513 praecepta
751 1447 981 1514 decalogi,
1015 1447 1089 1497 sed
1116 1448 1235 1512 quod
1253 1450 1404 1499 omnia
1433 1449 1589 1501 Verbi.
2285 1464 2288 1466 ·

247 1579 483 1684 Quod
518 1581 881 1661 Dominus
920 1581 996 1659 in
1018 1580 1392 1659 Mundum
1416 1579 1744 1673 venerit,
1796 1598 1879 1656 ut
1908 1578 2217 1688 subjuga.

239 1741 243 1745 -
300 1708 419 1768 ret
449 1687 730 1767 Inferna
762 1695 838 1766 &
875 1688 1307 1794 glorificaret
1334 1689 1799 1781 Humanum3
1860 1693 1934 1763 ὃς
1962 1692 2161 1790 quod

358 1797 590 1878 Paffio
618 1797 847 1873 crucis
877 1796 1091 1873 fuerit
1124 1795 1369 1876 ultima
1401 1820 1640 1900 pugna
1659 1854 1681 1888 ,
1734 1820 1866 1897 per
1892 1821 2108 1898 quam

466 1904 683 2011 plene
718 1903 895 1983 vicit
925 1901 1197 1980 inferna
1229 1907 1303 1978 &
1331 1902 1547 2006 plene
1572 1901 1997 2007 glorificavit

902 2012 1329 2100 Humanum
1358 2007 1576 2098 suurn.

251 2197 326 2240 12.
360 2188 605 2305 Notum
642 2186 707 2236 est
738 2187 784 2236 in
812 2185 1033 2244 Ecclesia,
1069 2185 1187 2249 quod
1216 2184 1439 2234 Dominus
1459 2181 1618 2231 vicerit
1638 2183 1862 2241 Mortem,
1899 2199 1980 2247 per
1999 2200 2131 2250 quam
2150 2187 2215 2237 in-

509 2252 718 2315 telligitur
738 2251 966 2300 Infernum
980 2287 993 2309 ,
1029 2250 1080 2299 &
1100 2250 1218 2312 quod
1238 2249 1393 2313 postea
1415 2264 1517 2298 cum
1536 2250 1676 2310 gloria
1699 2249 1943 2298 ascenderit
1960 2250 2007 2298 in
2033 2252 2215 2311 caelum;
2254 2291 2257 2293 .

137 2348 139 2357 ι
244 2313 321 2363 sed
344 2313 543 2364 nondum
567 2329 721 2364 notum
738 2315 830 2374 est,
863 2315 983 2379 quod
1005 2315 1231 2369 Dominus
1254 2330 1332 2377 per
1349 2315 1520 2376 Pugnas
1535 2345 1550 2367 ‚
1582 2327 1679 2373 quae
1702 2312 1794 2360 sunt
1814 2315 2130 2375 Tentationes,
2149 2317 2219 2365 vi-

244 2380 358 2434 cerit
386 2381 592 2428 Mortem
629 2381 701 2429 seu
729 2379 984 2438 Infernum,
1019 2378 1068 2427 ἃ
1090 2377 1212 2426 fimul
1234 2394 1313 2440 per
1332 2378 1424 2428 illas
1444 2376 1762 2441 glorificaverit
1784 2378 2046 2426 Humanum
2067 2380 2218 2439 suum,

244 2442 296 2492 δι
317 2444 436 2507 quod
459 2445 601 2494 Paffio
619 2444 764 2503 crucis
789 2445 921 2494 fuerit
938 2443 1111 2493 Ultima
1139 2445 1291 2506 Pugna
1312 2441 1384 2491 seu
1409 2441 1626 2490 'I'entatio
1641 2477 1653 2498 ‚
1677 2457 1756 2500 per
1776 2457 1906 2504 quam
1928 2443 2038 2492 vicit
2056 2442 2104 2491 ἃ
2121 2446 2217 2508 glo.-

242 2507 451 2557 rificavit.
505 2512 582 2566 De
602 2511 690 2569 his,
723 2511 868 2558 multis
890 2510 1034 2572 agitur
1055 2508 1171 2570 apud
1194 2507 1435 2570 Prophetas
1451 2505 1500 2555 δι
1525 2504 1643 2567 apud
1662 2507 1890 2553 Davidem
1904 2543 1917 2562 ‚
1952 2507 2025 2554 sed
2048 2511 2218 2559 nonita

242 2573 390 2621 multis
418 2575 535 2636 apud
557 2573 885 2638 Evangelistas3
915 2574 1031 2636 apud
1054 2574 1162 2631 hoa,
1185 2572 1508 2628 TentationeS,
1529 2585 1634 2632 quas
1664 2584 1690 2616 a
1709 2572 1895 2632 pueritia
1919 2570 2135 2630 sustinuit,
2169 2574 2215 2623 in

240 2637 411 2686 summa
441 2639 673 2702 descriptae
711 2639 807 2687 sunt
830 2654 910 2703 per
932 2638 1229 2687 Tentationes
1247 2635 1386 2698 Ipsius
1407 2635 1452 2683 in
1475 2634 1675 2688 desert0‚
1711 2633 1756 2681 ἃ
1782 2634 1935 2696 postea
1956 2653 1982 2684 a
2006 2637 2182 2686 diabolo
2198 2673 2214 2696 ‚

241 2718 297 2751 ac
332 2702 498 2752 ultimae
523 2720 604 2767 per
626 2704 699 2753 illa
722 2719 819 2767 quae
835 2701 977 2765 paffus
998 2701 1063 2751 est
1086 2702 1131 2750 in
1161 2700 1462 2749 Gethsemane
1487 2702 1536 2746 <Sc
1561 2697 1687 2760 super
1711 2699 1866 2747 Cruce.
1938 2703 2015 2749 De
2044 2704 2212 2750 Tenta-

240 2767 433 2816 tionibus
460 2768 598 2831 Ipfius
615 2770 660 2818 in
684 2768 858 2817 deserto
872 2803 886 2826 ‚
918 2766 970 2816 ἃ
993 2765 1147 2830 postea
1169 2780 1195 2813 a
1214 2766 1419 2823 diabolo,
1444 2763 1647 2812 videatur
1668 2763 1784 2824 apud
1813 2765 2082 2815 Matthaeum
2104 2767 2211 2827 Cap.

239 2831 325 2881 IV.
357 2847 398 2878 1.
423 2833 479 2880 ad
509 2835 566 2881 ΙΙ.
633 2829 772 2894 Apud
792 2834 1029 2888 Marcum,
1064 2833 1173 2893 Cap.
1194 2830 1228 2876 1.
1254 2844 1327 2878 12.
1352 2843 1425 2890 13.
1449 2828 1501 2876 <Sc
1519 2826 1638 2890 apud
1662 2829 1830 2880 Lucam
1855 2830 1963 2891 Cap.
1985 2831 2075 2878 IV.
2107 2845 2128 2876 1
2154 2829 2210 2882 ad

245 2907 335 2952 133
367 2894 440 2941 sed
463 2913 541 2957 per
564 2897 656 2947 illas
676 2897 978 2960 intelliguntur
1000 2910 1156 2944 omnes
1176 2893 1311 2957 usque
1335 2895 1391 2942 ad
1417 2893 1595 2941 ultimas
1604 2906 1622 2948 ‚·
1657 2906 1745 2939 non
1767 2894 1888 2955 plura
1909 2894 1967 2942 de
1986 2895 2067 2942 illis
2085 2908 2210 2941 reve·

242 2956 354 3011 lavit
374 2956 590 3020 discipulis
605 2999 619 3019 ,
654 2978 758 3010 nam
777 2962 934 3009 dicitur
954 2961 1070 3023 apud
1089 2959 1262 3021 Esajarn
1276 2995 1288 3013 ,
1315 2990 1349 3015 „
1366 2959 1629 3005 Exafflonem
1637 2954 1835 3019 sustinuit
1847 2991 1863 3013 ,
1878 2973 1952 3004 non
1970 2969 2100 3004 tamen
2119 2969 2210 3016 ape-

237 3021 323 3076 ruit
340 3035 382 3065 os
391 3018 539 3081 ficum:
563 3023 672 3081 sicut
694 3028 838 3086 Agnus
856 3027 911 3071 ad
924 3027 1202 3072 mastationcm
1219 3057 1232 3075 ‚
1267 3021 1323 3075 &²
1333 3020 1441 3081 ficut
1463 3022 1547 3069 ovis
1569 3035 1698 3066 coram
1719 3019 1916 3081 tonsbrbus
1924 3019 2038 3080 ficis,
2073 3022 2204 3066 obmu,

246 3081 381 3145 tescit,
416 3082 473 3137 ἐξ
493 3100 567 3130 non
586 3091 739 3146 aperuit
761 3086 958 3149 ossuum,
995 3089 1117 3134 L111.
1140 3101 1183 3146 7.
1211 3086 1268 3133 de
1290 3084 1636 3132 Tentationibus
1660 3083 1794 3144 Ipsius
1815 3086 1857 3129 in
1880 3083 2203 3141 Gethsemane,

243 3147 450 3207 videatur
467 3148 586 3211 apud
606 3150 877 3205 Matthaeum
899 3154 1011 3214 Cap.
1031 3150 1208 3207 XXVI.
1233 3155 1294 3219 36
1313 3150 1369 3198 ad
1387 3163 1462 3212 44.
1485 3147 1601 3215 apud
1629 3150 1839 3199 Marcum
1864 3148 1974 3212 Cap,
1997 3147 2059 3200 XI
2068 3150 2125 3198 V.
2142 3161 2165 3206 3
2175 3164 2201 3263 c1i

429 3224 433 3227 ·
2146 3225 2171 3261 a
