<?xml version="1.0" encoding="UTF-8"?>
<!DOCTYPE html PUBLIC "-//W3C//DTD XHTML 1.0 Transitional//EN"
    "http://www.w3.org/TR/xhtml1/DTD/xhtml1-transitional.dtd">
<html xmlns="http://www.w3.org/1999/xhtml" xml:lang="en" lang="en">
 <head>
  <title>
</title>
<meta http-equiv="Content-Type" content="text/html;charset=utf-8" />
  <meta name='ocr-system' content='tesseract 3.04.00' />
  <meta name='ocr-capabilities' content='ocr_page ocr_carea ocr_par ocr_line ocrx_word'/>
</head>
<body>
  <div class='ocr_page' id='page_1' title='image "./denovahierosolym00sweduoft_0088.png"; bbox 0 0 2508 3432; ppageno 0'>
   <div class='ocr_carea' id='block_1_1' title="bbox 265 113 1904 199">
    <p class='ocr_par' dir='ltr' id='par_1_1' title="bbox 265 113 1904 199">
     <span class='ocr_line' id='line_1_1' title="bbox 265 113 1904 199; baseline 0.001 -17"><span class='ocrx_word' id='word_1_1' title='bbox 265 121 352 198; x_wconf 82' lang='lat'>84</span> <span class='ocrx_word' id='word_1_2' title='bbox 601 137 713 178; x_wconf 75' lang='lat' dir='ltr'>DE</span> <span class='ocrx_word' id='word_1_3' title='bbox 796 113 1904 199; x_wconf 48' lang='lat' dir='ltr'>nova-HinRo-sorstrMA</span> 
     </span>
    </p>
   </div>
   <div class='ocr_carea' id='block_1_2' title="bbox 220 234 2248 2520">
    <p class='ocr_par' dir='ltr' id='par_1_2' title="bbox 249 234 2248 956">
     <span class='ocr_line' id='line_1_2' title="bbox 259 234 2238 302; baseline 0.004 -19"><span class='ocrx_word' id='word_1_4' title='bbox 259 253 322 284; x_wconf 81' lang='lat' dir='ltr'>n:</span> <span class='ocrx_word' id='word_1_5' title='bbox 351 238 665 300; x_wconf 84' lang='lat'>9975.-9981.</span> <span class='ocrx_word' id='word_1_6' title='bbox 691 236 837 302; x_wconf 86' lang='lat'>9988.</span> <span class='ocrx_word' id='word_1_7' title='bbox 896 235 1053 301; x_wconf 56' lang='lat' dir='ltr'>‘Qod</span> <span class='ocrx_word' id='word_1_8' title='bbox 1090 234 1173 294; x_wconf 88' lang='lat' dir='ltr'>illi,</span> <span class='ocrx_word' id='word_1_9' title='bbox 1206 235 1286 300; x_wconf 89' lang='lat' dir='ltr'>qui</span> <span class='ocrx_word' id='word_1_10' title='bbox 1322 236 1489 287; x_wconf 85' lang='lat' dir='ltr'>intrant</span> <span class='ocrx_word' id='word_1_11' title='bbox 1512 239 1720 297; x_wconf 87' lang='lat' dir='ltr'>Coelum,</span> <span class='ocrx_word' id='word_1_12' title='bbox 1754 251 1921 287; x_wconf 85' lang='lat' dir='ltr'>exuant</span> <span class='ocrx_word' id='word_1_13' title='bbox 1943 253 2078 288; x_wconf 89' lang='lat' dir='ltr'>omne</span> <span class='ocrx_word' id='word_1_14' title='bbox 2099 241 2238 291; x_wconf 78' lang='lat' dir='ltr'>meri-·</span> 
     </span>
     <span class='ocr_line' id='line_1_3' title="bbox 260 301 2239 369; baseline 0.004 -22"><span class='ocrx_word' id='word_1_15' title='bbox 260 313 359 347; x_wconf 85' lang='lat' dir='ltr'>turn</span> <span class='ocrx_word' id='word_1_16' title='bbox 400 301 482 357; x_wconf 88' lang='lat' dir='ltr'>sui,</span> <span class='ocrx_word' id='word_1_17' title='bbox 519 317 584 348; x_wconf 91' lang='lat' dir='ltr'>n:</span> <span class='ocrx_word' id='word_1_18' title='bbox 610 315 756 365; x_wconf 91' lang='lat'>4007.</span> <span class='ocrx_word' id='word_1_19' title='bbox 826 302 892 350; x_wconf 90' lang='lat' dir='ltr'>Et</span> <span class='ocrx_word' id='word_1_20' title='bbox 928 301 1057 369; x_wconf 89' lang='lat' dir='ltr'>quod</span> <span class='ocrx_word' id='word_1_21' title='bbox 1095 317 1186 350; x_wconf 87' lang='lat' dir='ltr'>non</span> <span class='ocrx_word' id='word_1_22' title='bbox 1221 304 1427 366; x_wconf 84' lang='lat' dir='ltr'>cogitent</span> <span class='ocrx_word' id='word_1_23' title='bbox 1457 305 1515 351; x_wconf 92' lang='lat' dir='ltr'>de</span> <span class='ocrx_word' id='word_1_24' title='bbox 1537 306 1891 353; x_wconf 84' lang='lat' dir='ltr'>remuneratione</span> <span class='ocrx_word' id='word_1_25' title='bbox 1917 317 2100 368; x_wconf 83' lang='lat' dir='ltr'>propter</span> <span class='ocrx_word' id='word_1_26' title='bbox 2122 306 2239 356; x_wconf 83' lang='lat' dir='ltr'>bona</span> 
     </span>
     <span class='ocr_line' id='line_1_4' title="bbox 259 365 2248 432; baseline 0.004 -20"><span class='ocrx_word' id='word_1_27' title='bbox 259 382 365 428; x_wconf 86' lang='lat' dir='ltr'>quae</span> <span class='ocrx_word' id='word_1_28' title='bbox 388 365 603 422; x_wconf 92' lang='lat' dir='ltr'>fecerunt,</span> <span class='ocrx_word' id='word_1_29' title='bbox 639 382 668 414; x_wconf 91' lang='lat' dir='ltr'>n</span> <span class='ocrx_word' id='word_1_30' title='bbox 693 385 704 415; x_wconf 76' lang='lat'>2</span> <span class='ocrx_word' id='word_1_31' title='bbox 727 367 870 431; x_wconf 86' lang='lat'><em>6478.</em></span> <span class='ocrx_word' id='word_1_32' title='bbox 938 382 1059 431; x_wconf 64' lang='lat'>174:</span> <span class='ocrx_word' id='word_1_33' title='bbox 1105 368 1234 431; x_wconf 85' lang='lat' dir='ltr'>quod</span> <span class='ocrx_word' id='word_1_34' title='bbox 1270 369 1351 432; x_wconf 82' lang='lat' dir='ltr'>qui</span> <span class='ocrx_word' id='word_1_35' title='bbox 1388 369 1592 432; x_wconf 88' lang='lat' dir='ltr'>cogitant</span> <span class='ocrx_word' id='word_1_36' title='bbox 1620 386 1681 418; x_wconf 90' lang='lat' dir='ltr'>ex</span> <span class='ocrx_word' id='word_1_37' title='bbox 1721 371 1897 427; x_wconf 87' lang='lat' dir='ltr'>merito,</span> <span class='ocrx_word' id='word_1_38' title='bbox 1933 383 2109 418; x_wconf 86' lang='lat' dir='ltr'>tanturn</span> <span class='ocrx_word' id='word_1_39' title='bbox 2147 377 2248 419; x_wconf 67' lang='lat' dir='ltr'>non&#39;</span> 
     </span>
     <span class='ocr_line' id='line_1_5' title="bbox 260 384 2243 499; baseline 0.004 -22"><span class='ocrx_word' id='word_1_40' title='bbox 260 430 501 492; x_wconf 82' lang='lat' dir='ltr'>agnoscant</span> <span class='ocrx_word' id='word_1_41' title='bbox 522 434 676 479; x_wconf 87' lang='lat' dir='ltr'>omnia</span> <span class='ocrx_word' id='word_1_42' title='bbox 696 433 779 480; x_wconf 81' lang='lat' dir='ltr'>effe</span> <span class='ocrx_word' id='word_1_43' title='bbox 800 384 1145 489; x_wconf 57' lang='lat' dir='ltr'>Migricordiae,</span> <span class='ocrx_word' id='word_1_44' title='bbox 1179 450 1208 480; x_wconf 89' lang='lat' dir='ltr'>n</span> <span class='ocrx_word' id='word_1_45' title='bbox 1235 452 1246 482; x_wconf 77' lang='lat' dir='ltr'>t</span> <span class='ocrx_word' id='word_1_46' title='bbox 1273 434 1414 497; x_wconf 89' lang='lat'>6478.</span> <span class='ocrx_word' id='word_1_47' title='bbox 1441 451 1583 498; x_wconf 85' lang='lat'><em>9174.</em></span> <span class='ocrx_word' id='word_1_48' title='bbox 1653 435 1798 499; x_wconf 83' lang='lat' dir='ltr'>Qod</span> <span class='ocrx_word' id='word_1_49' title='bbox 1822 435 1904 492; x_wconf 88' lang='lat' dir='ltr'>illi,</span> <span class='ocrx_word' id='word_1_50' title='bbox 1937 437 2017 499; x_wconf 91' lang='lat' dir='ltr'>qui</span> <span class='ocrx_word' id='word_1_51' title='bbox 2039 438 2243 499; x_wconf 87' lang='lat' dir='ltr'>cogitant</span> 
     </span>
     <span class='ocr_line' id='line_1_6' title="bbox 259 497 2241 563; baseline 0.003 -21"><span class='ocrx_word' id='word_1_52' title='bbox 259 511 315 542; x_wconf 85' lang='lat' dir='ltr'>ex</span> <span class='ocrx_word' id='word_1_53' title='bbox 352 499 529 553; x_wconf 88' lang='lat' dir='ltr'>merito,</span> <span class='ocrx_word' id='word_1_54' title='bbox 580 499 783 560; x_wconf 85' lang='lat' dir='ltr'>cogitent</span> <span class='ocrx_word' id='word_1_55' title='bbox 806 497 875 545; x_wconf 79' lang='lat' dir='ltr'>de</span> <span class='ocrx_word' id='word_1_56' title='bbox 913 499 1118 548; x_wconf 85' lang='lat' dir='ltr'>mercede</span> <span class='ocrx_word' id='word_1_57' title='bbox 1156 499 1205 547; x_wconf 76' lang='grc' dir='ltr'><strong>ὅτ.</strong></span> <span class='ocrx_word' id='word_1_58' title='bbox 1242 502 1611 557; x_wconf 85' lang='lat' dir='ltr'>remuneratione,</span> <span class='ocrx_word' id='word_1_59' title='bbox 1662 517 1796 563; x_wconf 89' lang='lat' dir='ltr'>quare</span> <span class='ocrx_word' id='word_1_60' title='bbox 1833 501 1944 548; x_wconf 86' lang='lat' dir='ltr'>velle</span> <span class='ocrx_word' id='word_1_61' title='bbox 1986 502 2143 548; x_wconf 88' lang='lat' dir='ltr'>mereri</span> <span class='ocrx_word' id='word_1_62' title='bbox 2176 500 2241 548; x_wconf 82' lang='lat' dir='ltr'>est</span> 
     </span>
     <span class='ocr_line' id='line_1_7' title="bbox 249 561 2245 629; baseline 0.004 -23"><span class='ocrx_word' id='word_1_63' title='bbox 249 561 375 609; x_wconf 75' lang='lat' dir='ltr'>velle</span> <span class='ocrx_word' id='word_1_64' title='bbox 408 565 697 624; x_wconf 83' lang='lat' dir='ltr'>renumerari,</span> <span class='ocrx_word' id='word_1_65' title='bbox 730 579 761 610; x_wconf 89' lang='lat' dir='ltr'>n</span> <span class='ocrx_word' id='word_1_66' title='bbox 785 576 796 610; x_wconf 72' lang='grc' dir='ltr'>ε</span> <span class='ocrx_word' id='word_1_67' title='bbox 823 563 967 626; x_wconf 82' lang='grc'><strong>5660.</strong></span> <span class='ocrx_word' id='word_1_68' title='bbox 994 563 1136 628; x_wconf 87' lang='grc'><strong>6392.</strong></span> <span class='ocrx_word' id='word_1_69' title='bbox 1162 578 1307 629; x_wconf 84' lang='grc'><strong>9975.</strong></span> <span class='ocrx_word' id='word_1_70' title='bbox 1377 566 1520 625; x_wconf 92' lang='lat' dir='ltr'>Quod</span> <span class='ocrx_word' id='word_1_71' title='bbox 1546 566 1653 613; x_wconf 86' lang='lat' dir='ltr'>tales</span> <span class='ocrx_word' id='word_1_72' title='bbox 1675 567 1846 613; x_wconf 90' lang='lat' dir='ltr'>coelum</span> <span class='ocrx_word' id='word_1_73' title='bbox 1879 567 1924 613; x_wconf 89' lang='lat' dir='ltr'>in</span> <span class='ocrx_word' id='word_1_74' title='bbox 1957 565 1996 613; x_wconf 91' lang='lat' dir='ltr'>se</span> <span class='ocrx_word' id='word_1_75' title='bbox 2020 581 2110 613; x_wconf 91' lang='lat' dir='ltr'>non</span> <span class='ocrx_word' id='word_1_76' title='bbox 2134 568 2245 615; x_wconf 89' lang='lat' dir='ltr'>reci·</span> 
     </span>
     <span class='ocr_line' id='line_1_8' title="bbox 259 629 2242 695; baseline 0.003 -22"><span class='ocrx_word' id='word_1_77' title='bbox 259 642 363 690; x_wconf 90' lang='lat' dir='ltr'>pere</span> <span class='ocrx_word' id='word_1_78' title='bbox 386 629 568 690; x_wconf 86' lang='lat' dir='ltr'>poffint,</span> <span class='ocrx_word' id='word_1_79' title='bbox 602 645 632 675; x_wconf 92' lang='lat' dir='ltr'>n</span> <span class='ocrx_word' id='word_1_80' title='bbox 658 646 669 676; x_wconf 91' lang='lat'><strong>:</strong></span> <span class='ocrx_word' id='word_1_81' title='bbox 702 633 839 693; x_wconf 83' lang='lat'><em>1835.</em></span> <span class='ocrx_word' id='word_1_82' title='bbox 860 644 1005 693; x_wconf 89' lang='lat'><em>9977.</em></span> <span class='ocrx_word' id='word_1_83' title='bbox 1035 632 1177 693; x_wconf 88' lang='lat'>8478.</span> <span class='ocrx_word' id='word_1_84' title='bbox 1232 631 1375 695; x_wconf 85' lang='lat' dir='ltr'>Qod</span> <span class='ocrx_word' id='word_1_85' title='bbox 1394 630 1578 679; x_wconf 87' lang='lat' dir='ltr'>felicitas</span> <span class='ocrx_word' id='word_1_86' title='bbox 1600 631 1790 678; x_wconf 78' lang='lat' dir='ltr'>coelestis</span> <span class='ocrx_word' id='word_1_87' title='bbox 1814 630 2016 678; x_wconf 78' lang='lat' dir='ltr'>consistat</span> <span class='ocrx_word' id='word_1_88' title='bbox 2040 633 2083 677; x_wconf 87' lang='lat' dir='ltr'>in</span> <span class='ocrx_word' id='word_1_89' title='bbox 2107 631 2242 679; x_wconf 87' lang='lat' dir='ltr'>affec-</span> 
     </span>
     <span class='ocr_line' id='line_1_9' title="bbox 258 691 2238 761; baseline 0.003 -23"><span class='ocrx_word' id='word_1_90' title='bbox 258 692 381 740; x_wconf 75' lang='lat' dir='ltr'>tione</span> <span class='ocrx_word' id='word_1_91' title='bbox 420 691 611 741; x_wconf 78' lang='lat' dir='ltr'>faciendi</span> <span class='ocrx_word' id='word_1_92' title='bbox 648 694 824 742; x_wconf 88' lang='lat' dir='ltr'>bonurn</span> <span class='ocrx_word' id='word_1_93' title='bbox 861 692 1023 758; x_wconf 83' lang='lat' dir='ltr'>absque</span> <span class='ocrx_word' id='word_1_94' title='bbox 1059 694 1150 743; x_wconf 89' lang='lat' dir='ltr'>fine</span> <span class='ocrx_word' id='word_1_95' title='bbox 1187 697 1572 754; x_wconf 86' lang='lat' dir='ltr'>remunerationis,</span> <span class='ocrx_word' id='word_1_96' title='bbox 1624 713 1690 743; x_wconf 90' lang='lat' dir='ltr'>n:</span> <span class='ocrx_word' id='word_1_97' title='bbox 1727 698 1870 758; x_wconf 82' lang='lat'>6388.</span> <span class='ocrx_word' id='word_1_98' title='bbox 1907 694 2050 757; x_wconf 81' lang='lat'><em>6478.</em></span> <span class='ocrx_word' id='word_1_99' title='bbox 2093 703 2238 761; x_wconf 72' lang='lat'><em>9174.</em></span> 
     </span>
     <span class='ocr_line' id='line_1_10' title="bbox 259 759 2244 825; baseline 0.002 -19"><span class='ocrx_word' id='word_1_100' title='bbox 259 762 405 821; x_wconf 83' lang='lat'><em>9984.</em></span> <span class='ocrx_word' id='word_1_101' title='bbox 468 759 622 824; x_wconf 78' lang='lat' dir='ltr'>Qod</span> <span class='ocrx_word' id='word_1_102' title='bbox 659 760 707 807; x_wconf 87' lang='lat' dir='ltr'>in</span> <span class='ocrx_word' id='word_1_103' title='bbox 735 759 868 807; x_wconf 75' lang='lat' dir='ltr'>aitera</span> <span class='ocrx_word' id='word_1_104' title='bbox 890 761 984 807; x_wconf 90' lang='lat' dir='ltr'>vita</span> <span class='ocrx_word' id='word_1_105' title='bbox 1018 773 1242 823; x_wconf 84' lang='lat' dir='ltr'>quantum</span> <span class='ocrx_word' id='word_1_106' title='bbox 1279 763 1383 825; x_wconf 90' lang='lat' dir='ltr'>quis</span> <span class='ocrx_word' id='word_1_107' title='bbox 1416 762 1587 809; x_wconf 91' lang='lat' dir='ltr'>bonum</span> <span class='ocrx_word' id='word_1_108' title='bbox 1626 760 1730 808; x_wconf 86' lang='lat' dir='ltr'>facit</span> <span class='ocrx_word' id='word_1_109' title='bbox 1764 761 1925 823; x_wconf 88' lang='lat' dir='ltr'>absque</span> <span class='ocrx_word' id='word_1_110' title='bbox 1962 761 2053 809; x_wconf 87' lang='lat' dir='ltr'>fine</span> <span class='ocrx_word' id='word_1_111' title='bbox 2092 778 2244 810; x_wconf 86' lang='lat' dir='ltr'>remu·</span> 
     </span>
     <span class='ocr_line' id='line_1_11' title="bbox 256 825 2243 890; baseline 0.002 -20"><span class='ocrx_word' id='word_1_112' title='bbox 256 825 513 880; x_wconf 86' lang='lat' dir='ltr'>nerationis,</span> <span class='ocrx_word' id='word_1_113' title='bbox 548 836 726 872; x_wconf 87' lang='lat' dir='ltr'>tanturn</span> <span class='ocrx_word' id='word_1_114' title='bbox 750 825 907 873; x_wconf 87' lang='lat' dir='ltr'>influat</span> <span class='ocrx_word' id='word_1_115' title='bbox 929 825 1106 874; x_wconf 86' lang='lat' dir='ltr'>beatum</span> <span class='ocrx_word' id='word_1_116' title='bbox 1132 842 1239 874; x_wconf 89' lang='lat' dir='ltr'>cum</span> <span class='ocrx_word' id='word_1_117' title='bbox 1262 840 1507 890; x_wconf 90' lang='lat' dir='ltr'>augmento</span> <span class='ocrx_word' id='word_1_118' title='bbox 1529 843 1554 874; x_wconf 87' lang='lat' dir='ltr'>a</span> <span class='ocrx_word' id='word_1_119' title='bbox 1577 828 1799 882; x_wconf 86' lang='lat' dir='ltr'>Domino,</span> <span class='ocrx_word' id='word_1_120' title='bbox 1819 827 1881 873; x_wconf 75' lang='grc' dir='ltr'>’δι</span> <span class='ocrx_word' id='word_1_121' title='bbox 1904 827 2031 888; x_wconf 88' lang='lat' dir='ltr'>quod</span> <span class='ocrx_word' id='word_1_122' title='bbox 2069 827 2116 874; x_wconf 90' lang='lat' dir='ltr'>id</span> <span class='ocrx_word' id='word_1_123' title='bbox 2157 826 2243 876; x_wconf 66' lang='lat' dir='ltr'>sta·</span> 
     </span>
     <span class='ocr_line' id='line_1_12' title="bbox 258 890 2053 956; baseline 0.001 -20"><span class='ocrx_word' id='word_1_124' title='bbox 258 890 598 953; x_wconf 78' lang='lat' dir='ltr'>timdiffipetur</span> <span class='ocrx_word' id='word_1_125' title='bbox 620 906 728 938; x_wconf 90' lang='lat' dir='ltr'>cum</span> <span class='ocrx_word' id='word_1_126' title='bbox 752 892 976 954; x_wconf 86' lang='lat' dir='ltr'>cogitatur</span> <span class='ocrx_word' id='word_1_127' title='bbox 998 892 1054 939; x_wconf 93' lang='lat' dir='ltr'>de</span> <span class='ocrx_word' id='word_1_128' title='bbox 1076 895 1447 951; x_wconf 78' lang='lat' dir='ltr'>remuneratione,</span> <span class='ocrx_word' id='word_1_129' title='bbox 1481 910 1511 940; x_wconf 93' lang='lat' dir='ltr'>n</span> <span class='ocrx_word' id='word_1_130' title='bbox 1537 910 1548 941; x_wconf 71' lang='grc' dir='ltr'><strong><em>ε</em></strong></span> <span class='ocrx_word' id='word_1_131' title='bbox 1576 895 1719 954; x_wconf 86' lang='grc'><strong>6478.</strong></span> <span class='ocrx_word' id='word_1_132' title='bbox 1747 904 1892 956; x_wconf 83' lang='lat'><em>9174·</em></span> <span class='ocrx_word' id='word_1_133' title='bbox 2050 946 2053 947; x_wconf 12' lang='lat'><em>7</em></span> 
     </span>
    </p>

    <p class='ocr_par' dir='ltr' id='par_1_3' title="bbox 248 953 2243 1415">
     <span class='ocr_line' id='line_1_13' title="bbox 319 953 2242 1021; baseline 0.001 -19"><span class='ocrx_word' id='word_1_134' title='bbox 319 954 472 1013; x_wconf 87' lang='lat' dir='ltr'>Quod</span> <span class='ocrx_word' id='word_1_135' title='bbox 507 955 679 1004; x_wconf 91' lang='lat' dir='ltr'>bonum</span> <span class='ocrx_word' id='word_1_136' title='bbox 721 953 978 1005; x_wconf 87' lang='lat' dir='ltr'>faciendum</span> <span class='ocrx_word' id='word_1_137' title='bbox 1011 956 1066 1005; x_wconf 85' lang='lat' dir='ltr'>fit</span> <span class='ocrx_word' id='word_1_138' title='bbox 1098 957 1259 1021; x_wconf 86' lang='lat' dir='ltr'>absque</span> <span class='ocrx_word' id='word_1_139' title='bbox 1297 958 1386 1005; x_wconf 86' lang='lat' dir='ltr'>fine</span> <span class='ocrx_word' id='word_1_140' title='bbox 1418 958 1800 1012; x_wconf 89' lang='lat' dir='ltr'>remunerationis,</span> <span class='ocrx_word' id='word_1_141' title='bbox 1837 973 1867 1002; x_wconf 91' lang='lat' dir='ltr'>n</span> <span class='ocrx_word' id='word_1_142' title='bbox 1891 973 1902 1002; x_wconf 90' lang='lat'><strong>:</strong></span> <span class='ocrx_word' id='word_1_143' title='bbox 1930 955 2070 1020; x_wconf 81' lang='lat'><em>6392.</em></span> <span class='ocrx_word' id='word_1_144' title='bbox 2096 956 2242 1019; x_wconf 84' lang='lat'><em>6478.</em></span> 
     </span>
     <span class='ocr_line' id='line_1_14' title="bbox 257 1019 2241 1087; baseline 0.002 -21"><span class='ocrx_word' id='word_1_145' title='bbox 257 1019 553 1078; x_wconf 89' lang='lat' dir='ltr'>Illustratum‚</span> <span class='ocrx_word' id='word_1_146' title='bbox 589 1038 654 1070; x_wconf 91' lang='lat' dir='ltr'>n:</span> <span class='ocrx_word' id='word_1_147' title='bbox 687 1024 832 1087; x_wconf 88' lang='lat'>9981.</span> <span class='ocrx_word' id='word_1_148' title='bbox 903 1022 1048 1084; x_wconf 85' lang='lat' dir='ltr'>Quod</span> <span class='ocrx_word' id='word_1_149' title='bbox 1087 1025 1282 1087; x_wconf 88' lang='lat' dir='ltr'>genuina</span> <span class='ocrx_word' id='word_1_150' title='bbox 1317 1024 1500 1071; x_wconf 83' lang='lat' dir='ltr'>charitas</span> <span class='ocrx_word' id='word_1_151' title='bbox 1539 1024 1593 1071; x_wconf 89' lang='lat' dir='ltr'>fit</span> <span class='ocrx_word' id='word_1_152' title='bbox 1629 1021 1790 1085; x_wconf 87' lang='lat' dir='ltr'>absque</span> <span class='ocrx_word' id='word_1_153' title='bbox 1825 1023 1951 1069; x_wconf 89' lang='lat' dir='ltr'>omni</span> <span class='ocrx_word' id='word_1_154' title='bbox 1984 1022 2241 1082; x_wconf 82' lang='lat' dir='ltr'>meritorio,</span> 
     </span>
     <span class='ocr_line' id='line_1_15' title="bbox 256 1087 2242 1153; baseline -0.003 -15"><span class='ocrx_word' id='word_1_155' title='bbox 256 1101 322 1138; x_wconf 78' lang='lat' dir='ltr'>n:</span> <span class='ocrx_word' id='word_1_156' title='bbox 351 1101 494 1148; x_wconf 86' lang='lat'><em>2340.</em></span> <span class='ocrx_word' id='word_1_157' title='bbox 532 1101 676 1151; x_wconf 85' lang='lat'><em>²373·</em></span> <span class='ocrx_word' id='word_1_158' title='bbox 718 1101 862 1146; x_wconf 89' lang='grc'><strong>2400.</strong></span> <span class='ocrx_word' id='word_1_159' title='bbox 906 1093 1048 1152; x_wconf 88' lang='grc'><strong>3887.</strong></span> <span class='ocrx_word' id='word_1_160' title='bbox 1090 1091 1216 1152; x_wconf 87' lang='lat'>6388</span> <span class='ocrx_word' id='word_1_161' title='bbox 1255 1088 1311 1136; x_wconf 89' lang='lat' dir='ltr'>ad</span> <span class='ocrx_word' id='word_1_162' title='bbox 1347 1091 1490 1153; x_wconf 84' lang='lat'><em>6393.</em></span> <span class='ocrx_word' id='word_1_163' title='bbox 1560 1089 1684 1151; x_wconf 84' lang='lat' dir='ltr'>Qia</span> <span class='ocrx_word' id='word_1_164' title='bbox 1714 1087 1776 1133; x_wconf 90' lang='lat' dir='ltr'>est</span> <span class='ocrx_word' id='word_1_165' title='bbox 1809 1102 1866 1142; x_wconf 87' lang='lat' dir='ltr'>ex</span> <span class='ocrx_word' id='word_1_166' title='bbox 1901 1089 2067 1140; x_wconf 83' lang='lat' dir='ltr'>amore,</span> <span class='ocrx_word' id='word_1_167' title='bbox 2103 1087 2165 1133; x_wconf 91' lang='lat' dir='ltr'>ita</span> <span class='ocrx_word' id='word_1_168' title='bbox 2185 1103 2242 1133; x_wconf 82' lang='lat' dir='ltr'>ex</span> 
     </span>
     <span class='ocr_line' id='line_1_16' title="bbox 248 1147 2243 1218; baseline 0.001 -21"><span class='ocrx_word' id='word_1_169' title='bbox 248 1147 460 1213; x_wconf 87' lang='lat' dir='ltr'>jucundo</span> <span class='ocrx_word' id='word_1_170' title='bbox 495 1150 685 1200; x_wconf 87' lang='lat' dir='ltr'>faciendi</span> <span class='ocrx_word' id='word_1_171' title='bbox 719 1153 912 1209; x_wconf 84' lang='lat' dir='ltr'>bonurn,</span> <span class='ocrx_word' id='word_1_172' title='bbox 946 1171 1007 1202; x_wconf 88' lang='lat' dir='ltr'>n:</span> <span class='ocrx_word' id='word_1_173' title='bbox 1034 1153 1175 1216; x_wconf 80' lang='lat'><em>3816.</em></span> <span class='ocrx_word' id='word_1_174' title='bbox 1204 1156 1346 1218; x_wconf 85' lang='lat'>3887.</span> <span class='ocrx_word' id='word_1_175' title='bbox 1373 1157 1515 1218; x_wconf 87' lang='grc'><strong>6388.</strong></span> <span class='ocrx_word' id='word_1_176' title='bbox 1543 1156 1687 1216; x_wconf 83' lang='grc'><strong>6478.</strong></span> <span class='ocrx_word' id='word_1_177' title='bbox 1714 1165 1856 1215; x_wconf 90' lang='lat'>9174.</span> <span class='ocrx_word' id='word_1_178' title='bbox 1883 1154 2025 1216; x_wconf 72' lang='grc'><strong>9984.</strong></span> <span class='ocrx_word' id='word_1_179' title='bbox 2097 1151 2243 1210; x_wconf 88' lang='lat' dir='ltr'>Quod</span> 
     </span>
     <span class='ocr_line' id='line_1_17' title="bbox 255 1213 2243 1282; baseline 0 -20"><span class='ocrx_word' id='word_1_180' title='bbox 255 1216 338 1278; x_wconf 89' lang='lat' dir='ltr'>&#39;per</span> <span class='ocrx_word' id='word_1_181' title='bbox 374 1217 639 1265; x_wconf 78' lang='lat' dir='ltr'>Mercedem</span> <span class='ocrx_word' id='word_1_182' title='bbox 679 1218 726 1264; x_wconf 83' lang='lat' dir='ltr'>in</span> <span class='ocrx_word' id='word_1_183' title='bbox 747 1218 901 1266; x_wconf 90' lang='lat' dir='ltr'>Verbo</span> <span class='ocrx_word' id='word_1_184' title='bbox 936 1219 1213 1282; x_wconf 81' lang='lat' dir='ltr'>intelligatur</span> <span class='ocrx_word' id='word_1_185' title='bbox 1242 1217 1501 1282; x_wconf 86' lang='lat' dir='ltr'>jucundum</span> <span class='ocrx_word' id='word_1_186' title='bbox 1540 1220 1590 1266; x_wconf 78' lang='grc' dir='ltr'>δε</span> <span class='ocrx_word' id='word_1_187' title='bbox 1627 1218 1808 1264; x_wconf 85' lang='lat' dir='ltr'>beatum</span> <span class='ocrx_word' id='word_1_188' title='bbox 1845 1217 1892 1263; x_wconf 87' lang='lat' dir='ltr'>in</span> <span class='ocrx_word' id='word_1_189' title='bbox 1926 1213 2243 1263; x_wconf 86' lang='lat' dir='ltr'>benefaciendo</span> 
     </span>
     <span class='ocr_line' id='line_1_18' title="bbox 254 1281 2242 1348; baseline -0.002 -17"><span class='ocrx_word' id='word_1_190' title='bbox 254 1281 351 1331; x_wconf 84' lang='lat' dir='ltr'>aliis</span> <span class='ocrx_word' id='word_1_191' title='bbox 386 1282 549 1346; x_wconf 74' lang='lat' dir='ltr'>absq15e</span> <span class='ocrx_word' id='word_1_192' title='bbox 576 1283 668 1332; x_wconf 89' lang='lat' dir='ltr'>fine</span> <span class='ocrx_word' id='word_1_193' title='bbox 691 1283 939 1340; x_wconf 83' lang='lat' dir='ltr'>Mercedis,</span> <span class='ocrx_word' id='word_1_194' title='bbox 975 1285 1025 1332; x_wconf 85' lang='lat'>&amp;</span> <span class='ocrx_word' id='word_1_195' title='bbox 1046 1284 1175 1348; x_wconf 89' lang='lat' dir='ltr'>quod</span> <span class='ocrx_word' id='word_1_196' title='bbox 1197 1284 1244 1331; x_wconf 88' lang='lat' dir='ltr'>id</span> <span class='ocrx_word' id='word_1_197' title='bbox 1265 1282 1521 1348; x_wconf 85' lang='lat' dir='ltr'>jucundum</span> <span class='ocrx_word' id='word_1_198' title='bbox 1542 1285 1592 1332; x_wconf 77' lang='grc' dir='ltr'>δε</span> <span class='ocrx_word' id='word_1_199' title='bbox 1617 1283 1796 1330; x_wconf 89' lang='lat' dir='ltr'>beatum</span> <span class='ocrx_word' id='word_1_200' title='bbox 1817 1281 2003 1346; x_wconf 83' lang='lat' dir='ltr'>sentiant</span> <span class='ocrx_word' id='word_1_201' title='bbox 2025 1281 2074 1329; x_wconf 77' lang='grc' dir='ltr'>δι</span> <span class='ocrx_word' id='word_1_202' title='bbox 2097 1281 2242 1345; x_wconf 89' lang='lat' dir='ltr'>perci-</span> 
     </span>
     <span class='ocr_line' id='line_1_19' title="bbox 254 1346 1856 1415; baseline 0.001 -22"><span class='ocrx_word' id='word_1_203' title='bbox 254 1346 382 1411; x_wconf 91' lang='lat' dir='ltr'>piant</span> <span class='ocrx_word' id='word_1_204' title='bbox 396 1347 470 1395; x_wconf 82' lang='lat' dir='ltr'>illi</span> <span class='ocrx_word' id='word_1_205' title='bbox 502 1350 582 1412; x_wconf 93' lang='lat' dir='ltr'>qui</span> <span class='ocrx_word' id='word_1_206' title='bbox 605 1349 651 1398; x_wconf 90' lang='lat' dir='ltr'>in</span> <span class='ocrx_word' id='word_1_207' title='bbox 674 1349 869 1414; x_wconf 83' lang='lat' dir='ltr'>genuina</span> <span class='ocrx_word' id='word_1_208' title='bbox 890 1349 1102 1398; x_wconf 88' lang='lat' dir='ltr'>charitate</span> <span class='ocrx_word' id='word_1_209' title='bbox 1129 1348 1246 1407; x_wconf 90' lang='lat' dir='ltr'>sunt,</span> <span class='ocrx_word' id='word_1_210' title='bbox 1283 1366 1314 1398; x_wconf 91' lang='lat' dir='ltr'>n</span> <span class='ocrx_word' id='word_1_211' title='bbox 1339 1367 1351 1397; x_wconf 72' lang='grc' dir='ltr'><strong><em>ε</em></strong></span> <span class='ocrx_word' id='word_1_212' title='bbox 1378 1351 1519 1414; x_wconf 84' lang='lat'><em>3816.</em></span> <span class='ocrx_word' id='word_1_213' title='bbox 1548 1366 1606 1413; x_wconf 85' lang='lat'>39</span> <span class='ocrx_word' id='word_1_214' title='bbox 1616 1350 1689 1415; x_wconf 76' lang='lat'>56.</span> <span class='ocrx_word' id='word_1_215' title='bbox 1715 1347 1856 1411; x_wconf 83' lang='lat'><em>6388.</em></span> 
     </span>
    </p>

    <p class='ocr_par' dir='ltr' id='par_1_4' title="bbox 220 1411 2242 2259">
     <span class='ocr_line' id='line_1_20' title="bbox 315 1411 2240 1477; baseline 0 -17"><span class='ocrx_word' id='word_1_216' title='bbox 315 1414 467 1471; x_wconf 40' lang='lat' dir='ltr'>*Quod</span> <span class='ocrx_word' id='word_1_217' title='bbox 491 1414 554 1461; x_wconf 88' lang='lat' dir='ltr'>illi</span> <span class='ocrx_word' id='word_1_218' title='bbox 577 1415 658 1477; x_wconf 90' lang='lat' dir='ltr'>qui</span> <span class='ocrx_word' id='word_1_219' title='bbox 691 1415 865 1462; x_wconf 90' lang='lat' dir='ltr'>bonum</span> <span class='ocrx_word' id='word_1_220' title='bbox 899 1414 1071 1462; x_wconf 88' lang='lat' dir='ltr'>faciunt</span> <span class='ocrx_word' id='word_1_221' title='bbox 1093 1415 1313 1463; x_wconf 71' lang='lat' dir='ltr'>mencedis</span> <span class='ocrx_word' id='word_1_222' title='bbox 1334 1414 1476 1468; x_wconf 88' lang='lat' dir='ltr'>causa,</span> <span class='ocrx_word' id='word_1_223' title='bbox 1511 1413 1650 1461; x_wconf 87' lang='lat' dir='ltr'>semet</span> <span class='ocrx_word' id='word_1_224' title='bbox 1671 1425 1822 1462; x_wconf 85' lang='lat' dir='ltr'>ament</span> <span class='ocrx_word' id='word_1_225' title='bbox 1845 1427 1935 1460; x_wconf 86' lang='lat' dir='ltr'>non</span> <span class='ocrx_word' id='word_1_226' title='bbox 1959 1411 2240 1474; x_wconf 84' lang='lat' dir='ltr'>proximum,</span> 
     </span>
     <span class='ocr_line' id='line_1_21' title="bbox 250 1476 2241 1541; baseline 0.002 -20"><span class='ocrx_word' id='word_1_227' title='bbox 250 1492 317 1524; x_wconf 75' lang='lat' dir='ltr'>n:</span> <span class='ocrx_word' id='word_1_228' title='bbox 346 1477 488 1526; x_wconf 87' lang='grc'><strong>8002.</strong></span> <span class='ocrx_word' id='word_1_229' title='bbox 503 1493 655 1541; x_wconf 85' lang='lat'><em>9210.</em></span> <span class='ocrx_word' id='word_1_230' title='bbox 725 1478 873 1535; x_wconf 88' lang='lat' dir='ltr'>Quod</span> <span class='ocrx_word' id='word_1_231' title='bbox 895 1480 942 1524; x_wconf 88' lang='lat' dir='ltr'>iu</span> <span class='ocrx_word' id='word_1_232' title='bbox 966 1478 1224 1541; x_wconf 62' lang='grc' dir='ltr'>νει-δορα·</span> <span class='ocrx_word' id='word_1_233' title='bbox 1245 1478 1551 1527; x_wconf 69' lang='lat' dir='ltr'>Mercenarios</span> <span class='ocrx_word' id='word_1_234' title='bbox 1587 1479 1635 1525; x_wconf 89' lang='lat' dir='ltr'>in</span> <span class='ocrx_word' id='word_1_235' title='bbox 1673 1476 1796 1529; x_wconf 82' lang='lat' dir='ltr'>sensu</span> <span class='ocrx_word' id='word_1_236' title='bbox 1833 1476 2043 1538; x_wconf 82' lang='lat' dir='ltr'>spirituali</span> <span class='ocrx_word' id='word_1_237' title='bbox 2070 1477 2241 1536; x_wconf 68' lang='lat' dir='ltr'>intelli-1</span> 
     </span>
     <span class='ocr_line' id='line_1_22' title="bbox 254 1538 2240 1606; baseline 0.001 -18"><span class='ocrx_word' id='word_1_238' title='bbox 254 1553 419 1604; x_wconf 89' lang='lat' dir='ltr'>gantur</span> <span class='ocrx_word' id='word_1_239' title='bbox 441 1544 523 1606; x_wconf 92' lang='lat' dir='ltr'>qui</span> <span class='ocrx_word' id='word_1_240' title='bbox 546 1542 721 1590; x_wconf 89' lang='lat' dir='ltr'>bonum</span> <span class='ocrx_word' id='word_1_241' title='bbox 745 1539 919 1590; x_wconf 91' lang='lat' dir='ltr'>faciunt</span> <span class='ocrx_word' id='word_1_242' title='bbox 940 1538 1127 1605; x_wconf 85' lang='lat' dir='ltr'>propter</span> <span class='ocrx_word' id='word_1_243' title='bbox 1156 1540 1430 1598; x_wconf 79' lang='lat' dir='ltr'>mercedem,</span> <span class='ocrx_word' id='word_1_244' title='bbox 1465 1559 1527 1590; x_wconf 91' lang='lat' dir='ltr'>n:</span> <span class='ocrx_word' id='word_1_245' title='bbox 1554 1543 1700 1591; x_wconf 84' lang='lat'>8002.</span> <span class='ocrx_word' id='word_1_246' title='bbox 1774 1541 1919 1600; x_wconf 91' lang='lat' dir='ltr'>Quod</span> <span class='ocrx_word' id='word_1_247' title='bbox 1953 1541 2032 1604; x_wconf 82' lang='lat' dir='ltr'>qui</span> <span class='ocrx_word' id='word_1_248' title='bbox 2069 1541 2240 1590; x_wconf 86' lang='lat' dir='ltr'>bonum</span> 
     </span>
     <span class='ocr_line' id='line_1_23' title="bbox 249 1604 2242 1668; baseline -0.001 -14"><span class='ocrx_word' id='word_1_249' title='bbox 249 1606 426 1654; x_wconf 85' lang='lat' dir='ltr'>faciunt</span> <span class='ocrx_word' id='word_1_250' title='bbox 462 1607 830 1654; x_wconf 89' lang='lat' dir='ltr'>remunerationis</span> <span class='ocrx_word' id='word_1_251' title='bbox 864 1606 1008 1662; x_wconf 87' lang='lat' dir='ltr'>causa,</span> <span class='ocrx_word' id='word_1_252' title='bbox 1042 1606 1174 1668; x_wconf 87' lang='lat' dir='ltr'>quod</span> <span class='ocrx_word' id='word_1_253' title='bbox 1215 1607 1261 1652; x_wconf 91' lang='lat' dir='ltr'>in</span> <span class='ocrx_word' id='word_1_254' title='bbox 1299 1607 1432 1652; x_wconf 89' lang='lat' dir='ltr'>altera</span> <span class='ocrx_word' id='word_1_255' title='bbox 1454 1608 1548 1651; x_wconf 85' lang='lat' dir='ltr'>vita</span> <span class='ocrx_word' id='word_1_256' title='bbox 1569 1607 1710 1651; x_wconf 87' lang='lat' dir='ltr'>velint</span> <span class='ocrx_word' id='word_1_257' title='bbox 1750 1606 1915 1660; x_wconf 87' lang='lat' dir='ltr'>serviri,</span> <span class='ocrx_word' id='word_1_258' title='bbox 1951 1608 1999 1651; x_wconf 77' lang='grc' dir='ltr'>δε</span> <span class='ocrx_word' id='word_1_259' title='bbox 2024 1604 2242 1668; x_wconf 88' lang='lat' dir='ltr'>nusquam</span> 
     </span>
     <span class='ocr_line' id='line_1_24' title="bbox 220 1667 2242 1734; baseline -0.001 -16"><span class='ocrx_word' id='word_1_260' title='bbox 220 1700 227 1706; x_wconf 93' lang='lat'><em>-</em></span> <span class='ocrx_word' id='word_1_261' title='bbox 253 1672 454 1718; x_wconf 86' lang='lat' dir='ltr'>contenti</span> <span class='ocrx_word' id='word_1_262' title='bbox 491 1672 593 1727; x_wconf 79' lang='lat' dir='ltr'>sint,</span> <span class='ocrx_word' id='word_1_263' title='bbox 642 1688 672 1718; x_wconf 93' lang='lat' dir='ltr'>n</span> <span class='ocrx_word' id='word_1_264' title='bbox 699 1687 711 1718; x_wconf 73' lang='grc' dir='ltr'><strong><em>ε</em></strong></span> <span class='ocrx_word' id='word_1_265' title='bbox 735 1673 881 1734; x_wconf 88' lang='grc'><strong>6393.</strong></span> <span class='ocrx_word' id='word_1_266' title='bbox 951 1669 1097 1734; x_wconf 82' lang='lat' dir='ltr'>Qod</span> <span class='ocrx_word' id='word_1_267' title='bbox 1130 1667 1425 1717; x_wconf 58' lang='lat' dir='ltr'>‘contemnant</span> <span class='ocrx_word' id='word_1_268' title='bbox 1466 1669 1748 1733; x_wconf 75' lang='lat' dir='ltr'>Proximum,</span> <span class='ocrx_word' id='word_1_269' title='bbox 1781 1669 1844 1715; x_wconf 63' lang='lat'>”&amp;</span> <span class='ocrx_word' id='word_1_270' title='bbox 1877 1667 2130 1716; x_wconf 78' lang='lat' dir='ltr'>irascantur·</span> <span class='ocrx_word' id='word_1_271' title='bbox 2159 1669 2242 1733; x_wconf 68' lang='lat' dir='ltr'>ipsi</span> 
     </span>
     <span class='ocr_line' id='line_1_25' title="bbox 254 1734 2238 1799; baseline 0.001 -16"><span class='ocrx_word' id='word_1_272' title='bbox 254 1737 480 1791; x_wconf 90' lang='lat' dir='ltr'>Domino,</span> <span class='ocrx_word' id='word_1_273' title='bbox 513 1735 641 1798; x_wconf 90' lang='lat' dir='ltr'>quod</span> <span class='ocrx_word' id='word_1_274' title='bbox 664 1750 757 1783; x_wconf 90' lang='lat' dir='ltr'>non</span> <span class='ocrx_word' id='word_1_275' title='bbox 780 1735 1035 1783; x_wconf 88' lang='lat' dir='ltr'>mercedem</span> <span class='ocrx_word' id='word_1_276' title='bbox 1063 1735 1293 1798; x_wconf 88' lang='lat' dir='ltr'>recipiant,</span> <span class='ocrx_word' id='word_1_277' title='bbox 1328 1735 1525 1784; x_wconf 90' lang='lat' dir='ltr'>dicentes</span> <span class='ocrx_word' id='word_1_278' title='bbox 1553 1734 1680 1798; x_wconf 92' lang='lat' dir='ltr'>quod</span> <span class='ocrx_word' id='word_1_279' title='bbox 1716 1735 1974 1790; x_wconf 86' lang='lat' dir='ltr'>meruerint,</span> <span class='ocrx_word' id='word_1_280' title='bbox 2008 1750 2066 1782; x_wconf 89' lang='lat' dir='ltr'>n:</span> <span class='ocrx_word' id='word_1_281' title='bbox 2093 1738 2238 1799; x_wconf 88' lang='lat'><em>9976.</em></span> 
     </span>
     <span class='ocr_line' id='line_1_26' title="bbox 252 1797 2240 1864; baseline -0.001 -15"><span class='ocrx_word' id='word_1_282' title='bbox 252 1802 355 1860; x_wconf 86' lang='lat' dir='ltr'>Qui</span> <span class='ocrx_word' id='word_1_283' title='bbox 392 1801 515 1864; x_wconf 89' lang='lat' dir='ltr'>apud</span> <span class='ocrx_word' id='word_1_284' title='bbox 551 1800 594 1847; x_wconf 90' lang='lat' dir='ltr'>se</span> <span class='ocrx_word' id='word_1_285' title='bbox 627 1799 771 1848; x_wconf 89' lang='lat' dir='ltr'>fidem</span> <span class='ocrx_word' id='word_1_286' title='bbox 802 1798 1110 1864; x_wconf 85' lang='lat' dir='ltr'>separaverunt</span> <span class='ocrx_word' id='word_1_287' title='bbox 1147 1815 1174 1849; x_wconf 92' lang='lat' dir='ltr'>a</span> <span class='ocrx_word' id='word_1_288' title='bbox 1209 1798 1436 1858; x_wconf 88' lang='lat' dir='ltr'>charitate,</span> <span class='ocrx_word' id='word_1_289' title='bbox 1483 1799 1612 1863; x_wconf 88' lang='lat' dir='ltr'>quod</span> <span class='ocrx_word' id='word_1_290' title='bbox 1652 1799 1699 1847; x_wconf 91' lang='lat' dir='ltr'>in</span> <span class='ocrx_word' id='word_1_291' title='bbox 1730 1798 1864 1847; x_wconf 89' lang='lat' dir='ltr'>altera</span> <span class='ocrx_word' id='word_1_292' title='bbox 1885 1801 1979 1847; x_wconf 89' lang='lat' dir='ltr'>vita</span> <span class='ocrx_word' id='word_1_293' title='bbox 2003 1797 2163 1848; x_wconf 90' lang='lat' dir='ltr'>faciant</span> <span class='ocrx_word' id='word_1_294' title='bbox 2184 1801 2240 1847; x_wconf 87' lang='lat' dir='ltr'>fi·</span> 
     </span>
     <span class='ocr_line' id='line_1_27' title="bbox 248 1862 2240 1930; baseline -0.001 -16"><span class='ocrx_word' id='word_1_295' title='bbox 248 1866 381 1924; x_wconf 82' lang='lat' dir='ltr'>dem,</span> <span class='ocrx_word' id='word_1_296' title='bbox 415 1869 466 1914; x_wconf 86' lang='lat'>&amp;</span> <span class='ocrx_word' id='word_1_297' title='bbox 497 1880 683 1930; x_wconf 88' lang='lat' dir='ltr'>quoque</span> <span class='ocrx_word' id='word_1_298' title='bbox 717 1865 834 1914; x_wconf 90' lang='lat' dir='ltr'>bona</span> <span class='ocrx_word' id='word_1_299' title='bbox 866 1880 1018 1930; x_wconf 88' lang='lat' dir='ltr'>opera,</span> <span class='ocrx_word' id='word_1_300' title='bbox 1051 1881 1159 1929; x_wconf 88' lang='lat' dir='ltr'>quae</span> <span class='ocrx_word' id='word_1_301' title='bbox 1181 1865 1227 1913; x_wconf 87' lang='lat' dir='ltr'>in</span> <span class='ocrx_word' id='word_1_302' title='bbox 1249 1878 1429 1914; x_wconf 83' lang='lat' dir='ltr'>externa</span> <span class='ocrx_word' id='word_1_303' title='bbox 1450 1864 1597 1914; x_wconf 86' lang='lat' dir='ltr'>forma</span> <span class='ocrx_word' id='word_1_304' title='bbox 1615 1862 1834 1922; x_wconf 82' lang='lat' dir='ltr'>fecerunt,</span> <span class='ocrx_word' id='word_1_305' title='bbox 1870 1865 1932 1912; x_wconf 86' lang='lat' dir='ltr'>ita</span> <span class='ocrx_word' id='word_1_306' title='bbox 1963 1878 2146 1929; x_wconf 89' lang='lat' dir='ltr'>propter</span> <span class='ocrx_word' id='word_1_307' title='bbox 2178 1866 2240 1923; x_wconf 86' lang='lat' dir='ltr'>se,</span> 
     </span>
     <span class='ocr_line' id='line_1_28' title="bbox 253 1929 2240 1997; baseline -0.002 -16"><span class='ocrx_word' id='word_1_308' title='bbox 253 1932 497 1988; x_wconf 87' lang='lat' dir='ltr'>meritoria,</span> <span class='ocrx_word' id='word_1_309' title='bbox 532 1948 563 1979; x_wconf 90' lang='lat' dir='ltr'>n</span> <span class='ocrx_word' id='word_1_310' title='bbox 587 1950 599 1980; x_wconf 90' lang='lat'><strong>:</strong></span> <span class='ocrx_word' id='word_1_311' title='bbox 627 1946 771 1996; x_wconf 83' lang='lat'><em>2373.</em></span> <span class='ocrx_word' id='word_1_312' title='bbox 841 1932 1013 1997; x_wconf 83' lang='lat' dir='ltr'>Qales</span> <span class='ocrx_word' id='word_1_313' title='bbox 1051 1945 1188 1995; x_wconf 83' lang='lat' dir='ltr'>porro</span> <span class='ocrx_word' id='word_1_314' title='bbox 1222 1929 1324 1980; x_wconf 89' lang='lat' dir='ltr'>sunt</span> <span class='ocrx_word' id='word_1_315' title='bbox 1355 1933 1403 1980; x_wconf 90' lang='lat' dir='ltr'>in</span> <span class='ocrx_word' id='word_1_316' title='bbox 1437 1931 1571 1979; x_wconf 86' lang='lat' dir='ltr'>altera</span> <span class='ocrx_word' id='word_1_317' title='bbox 1591 1931 1703 1988; x_wconf 86' lang='lat' dir='ltr'>vita,</span> <span class='ocrx_word' id='word_1_318' title='bbox 1736 1932 1815 1995; x_wconf 88' lang='lat' dir='ltr'>qui</span> <span class='ocrx_word' id='word_1_319' title='bbox 1844 1931 2058 1978; x_wconf 89' lang='lat' dir='ltr'>meritum</span> <span class='ocrx_word' id='word_1_320' title='bbox 2080 1929 2240 1994; x_wconf 86' lang='lat' dir='ltr'>posue·</span> 
     </span>
     <span class='ocr_line' id='line_1_29' title="bbox 250 1995 2240 2063; baseline 0.002 -18"><span class='ocrx_word' id='word_1_321' title='bbox 250 2010 360 2045; x_wconf 87' lang='lat' dir='ltr'>runt</span> <span class='ocrx_word' id='word_1_322' title='bbox 382 1999 428 2045; x_wconf 89' lang='lat' dir='ltr'>in</span> <span class='ocrx_word' id='word_1_323' title='bbox 451 1995 679 2060; x_wconf 89' lang='lat' dir='ltr'>operibus,</span> <span class='ocrx_word' id='word_1_324' title='bbox 713 2013 746 2044; x_wconf 88' lang='lat' dir='ltr'>n</span> <span class='ocrx_word' id='word_1_325' title='bbox 769 2014 782 2046; x_wconf 73' lang='grc' dir='ltr'><em>ε</em></span> <span class='ocrx_word' id='word_1_326' title='bbox 806 2013 919 2061; x_wconf 86' lang='grc'><strong>942.</strong></span> <span class='ocrx_word' id='word_1_327' title='bbox 943 2011 1084 2061; x_wconf 85' lang='lat'><em>1774.</em></span> <span class='ocrx_word' id='word_1_328' title='bbox 1107 1999 1246 2063; x_wconf 87' lang='lat'><em>1877.</em></span> <span class='ocrx_word' id='word_1_329' title='bbox 1269 1995 1417 2061; x_wconf 74' lang='lat'><em>2027.</em></span> <span class='ocrx_word' id='word_1_330' title='bbox 1485 1995 1633 2056; x_wconf 87' lang='lat' dir='ltr'>Quod</span> <span class='ocrx_word' id='word_1_331' title='bbox 1671 1997 1736 2044; x_wconf 89' lang='lat' dir='ltr'>ibi</span> <span class='ocrx_word' id='word_1_332' title='bbox 1773 1995 1858 2051; x_wconf 86' lang='lat' dir='ltr'>fint</span> <span class='ocrx_word' id='word_1_333' title='bbox 1894 1996 1941 2044; x_wconf 90' lang='lat' dir='ltr'>in</span> <span class='ocrx_word' id='word_1_334' title='bbox 1979 2007 2094 2044; x_wconf 89' lang='lat' dir='ltr'>terra</span> <span class='ocrx_word' id='word_1_335' title='bbox 2127 1995 2240 2048; x_wconf 69' lang='lat' dir='ltr'>info-</span> 
     </span>
     <span class='ocr_line' id='line_1_30' title="bbox 254 2058 2238 2127; baseline -0.001 -17"><span class='ocrx_word' id='word_1_336' title='bbox 254 2064 387 2119; x_wconf 87' lang='lat' dir='ltr'>riore,</span> <span class='ocrx_word' id='word_1_337' title='bbox 437 2063 486 2110; x_wconf 77' lang='grc' dir='ltr'>δε</span> <span class='ocrx_word' id='word_1_338' title='bbox 523 2061 603 2109; x_wconf 85' lang='lat' dir='ltr'>fibi</span> <span class='ocrx_word' id='word_1_339' title='bbox 641 2074 880 2127; x_wconf 88' lang='lat' dir='ltr'>appareant</span> <span class='ocrx_word' id='word_1_340' title='bbox 915 2063 1094 2127; x_wconf 85' lang='lat' dir='ltr'>lignum</span> <span class='ocrx_word' id='word_1_341' title='bbox 1130 2061 1285 2121; x_wconf 71' lang='lat' dir='ltr'>semre,</span> <span class='ocrx_word' id='word_1_342' title='bbox 1333 2081 1400 2112; x_wconf 89' lang='lat' dir='ltr'>n:</span> <span class='ocrx_word' id='word_1_343' title='bbox 1431 2076 1570 2112; x_wconf 87' lang='lat'>1110.</span> <span class='ocrx_word' id='word_1_344' title='bbox 1594 2078 1742 2127; x_wconf 82' lang='lat'><em>4943.</em></span> <span class='ocrx_word' id='word_1_345' title='bbox 1768 2066 1911 2125; x_wconf 89' lang='lat'>8740.</span> <span class='ocrx_word' id='word_1_346' title='bbox 1996 2061 2089 2108; x_wconf 69' lang='lat' dir='ltr'>Ex‘</span> <span class='ocrx_word' id='word_1_347' title='bbox 2110 2058 2238 2109; x_wconf 75' lang='lat' dir='ltr'>cau‘sa</span> 
     </span>
     <span class='ocr_line' id='line_1_31' title="bbox 250 2124 2235 2196; baseline -0.001 -22"><span class='ocrx_word' id='word_1_348' title='bbox 250 2129 361 2196; x_wconf 88' lang='lat' dir='ltr'>quia</span> <span class='ocrx_word' id='word_1_349' title='bbox 382 2129 592 2190; x_wconf 88' lang='lat' dir='ltr'>Lignum</span> <span class='ocrx_word' id='word_1_350' title='bbox 629 2129 676 2175; x_wconf 90' lang='lat' dir='ltr'>in</span> <span class='ocrx_word' id='word_1_351' title='bbox 715 2127 857 2192; x_wconf 91' lang='lat' dir='ltr'>specie</span> <span class='ocrx_word' id='word_1_352' title='bbox 890 2127 1111 2192; x_wconf 80' lang='lat' dir='ltr'>significat</span> <span class='ocrx_word' id='word_1_353' title='bbox 1144 2127 1318 2177; x_wconf 90' lang='lat' dir='ltr'>bonurn</span> <span class='ocrx_word' id='word_1_354' title='bbox 1342 2129 1505 2186; x_wconf 86' lang='lat' dir='ltr'>meriti,</span> <span class='ocrx_word' id='word_1_355' title='bbox 1539 2128 1766 2192; x_wconf 86' lang='lat' dir='ltr'>imprimis</span> <span class='ocrx_word' id='word_1_356' title='bbox 1790 2129 1997 2191; x_wconf 75' lang='lat' dir='ltr'>Lignum</span> <span class='ocrx_word' id='word_1_357' title='bbox 2019 2124 2235 2184; x_wconf 87' lang='lat' dir='ltr'>schittim,</span> 
     </span>
     <span class='ocr_line' id='line_1_32' title="bbox 255 2195 2195 2259; baseline 0 -19"><span class='ocrx_word' id='word_1_358' title='bbox 255 2209 317 2242; x_wconf 84' lang='lat' dir='ltr'>n:</span> <span class='ocrx_word' id='word_1_359' title='bbox 340 2196 483 2256; x_wconf 87' lang='grc'><strong>2784.</strong></span> <span class='ocrx_word' id='word_1_360' title='bbox 505 2197 646 2242; x_wconf 84' lang='grc' dir='ltr'><strong>28ι2.</strong></span> <span class='ocrx_word' id='word_1_361' title='bbox 671 2210 818 2257; x_wconf 88' lang='lat'><em>9472.</em></span> <span class='ocrx_word' id='word_1_362' title='bbox 837 2195 1144 2259; x_wconf 88' lang='lat'><em>9486.9715.</em></span> <span class='ocrx_word' id='word_1_363' title='bbox 1169 2196 1341 2259; x_wconf 86' lang='lat'>10178.</span> <span class='ocrx_word' id='word_1_364' title='bbox 2192 2224 2195 2227; x_wconf 20' lang='grc' dir='ltr'><strong>Δ</strong></span> 
     </span>
    </p>

    <p class='ocr_par' dir='ltr' id='par_1_5' title="bbox 246 2256 2236 2520">
     <span class='ocr_line' id='line_1_33' title="bbox 323 2256 2236 2322; baseline -0.001 -16"><span class='ocrx_word' id='word_1_365' title='bbox 323 2259 470 2320; x_wconf 80' lang='lat' dir='ltr'>Qod</span> <span class='ocrx_word' id='word_1_366' title='bbox 504 2259 585 2316; x_wconf 88' lang='lat' dir='ltr'>illi,</span> <span class='ocrx_word' id='word_1_367' title='bbox 620 2261 701 2322; x_wconf 87' lang='lat' dir='ltr'>qui</span> <span class='ocrx_word' id='word_1_368' title='bbox 739 2260 912 2308; x_wconf 87' lang='lat' dir='ltr'>bonum</span> <span class='ocrx_word' id='word_1_369' title='bbox 952 2257 1153 2307; x_wconf 87' lang='lat' dir='ltr'>fecerunt</span> <span class='ocrx_word' id='word_1_370' title='bbox 1188 2259 1554 2308; x_wconf 83' lang='lat' dir='ltr'>remunerationis</span> <span class='ocrx_word' id='word_1_371' title='bbox 1586 2257 1731 2316; x_wconf 88' lang='lat' dir='ltr'>causa,</span> <span class='ocrx_word' id='word_1_372' title='bbox 1765 2257 1812 2306; x_wconf 88' lang='lat' dir='ltr'>in</span> <span class='ocrx_word' id='word_1_373' title='bbox 1844 2259 2012 2320; x_wconf 86' lang='lat' dir='ltr'>Regno</span> <span class='ocrx_word' id='word_1_374' title='bbox 2033 2256 2236 2306; x_wconf 81' lang='lat' dir='ltr'>Domini</span> 
     </span>
     <span class='ocr_line' id='line_1_34' title="bbox 254 2321 2235 2390; baseline -0.001 -20"><span class='ocrx_word' id='word_1_375' title='bbox 254 2323 342 2370; x_wconf 80' lang='lat' dir='ltr'>sint</span> <span class='ocrx_word' id='word_1_376' title='bbox 364 2323 552 2380; x_wconf 86' lang='lat' dir='ltr'>servitia,</span> <span class='ocrx_word' id='word_1_377' title='bbox 589 2341 617 2371; x_wconf 92' lang='lat' dir='ltr'>n</span> <span class='ocrx_word' id='word_1_378' title='bbox 643 2342 654 2371; x_wconf 89' lang='lat'>:</span> <span class='ocrx_word' id='word_1_379' title='bbox 681 2326 825 2389; x_wconf 87' lang='lat'><em>6389.</em></span> <span class='ocrx_word' id='word_1_380' title='bbox 851 2326 996 2390; x_wconf 88' lang='lat'><em>6390.</em></span> <span class='ocrx_word' id='word_1_381' title='bbox 1066 2326 1167 2386; x_wconf 84' lang='lat' dir='ltr'>Qi</span> <span class='ocrx_word' id='word_1_382' title='bbox 1190 2328 1404 2373; x_wconf 86' lang='lat' dir='ltr'>meritum</span> <span class='ocrx_word' id='word_1_383' title='bbox 1435 2336 1614 2387; x_wconf 86' lang='lat' dir='ltr'>ponunt</span> <span class='ocrx_word' id='word_1_384' title='bbox 1649 2325 1696 2370; x_wconf 89' lang='lat' dir='ltr'>in</span> <span class='ocrx_word' id='word_1_385' title='bbox 1727 2324 1955 2386; x_wconf 89' lang='lat' dir='ltr'>operibus,</span> <span class='ocrx_word' id='word_1_386' title='bbox 1989 2321 2117 2387; x_wconf 81' lang='lat' dir='ltr'>quod</span> <span class='ocrx_word' id='word_1_387' title='bbox 2135 2321 2235 2370; x_wconf 86' lang='lat' dir='ltr'>suc-</span> 
     </span>
     <span class='ocr_line' id='line_1_35' title="bbox 246 2386 2234 2453; baseline 0 -18"><span class='ocrx_word' id='word_1_388' title='bbox 246 2389 471 2449; x_wconf 79' lang='lat' dir='ltr'>cumbant</span> <span class='ocrx_word' id='word_1_389' title='bbox 508 2391 555 2436; x_wconf 91' lang='lat' dir='ltr'>in</span> <span class='ocrx_word' id='word_1_390' title='bbox 594 2390 994 2447; x_wconf 12' lang='lat' dir='ltr'>tentationibus,rn</span> <span class='ocrx_word' id='word_1_391' title='bbox 1017 2408 1030 2437; x_wconf 90' lang='lat'>:</span> <span class='ocrx_word' id='word_1_392' title='bbox 1057 2404 1200 2453; x_wconf 83' lang='grc'><strong>2273.</strong></span> <span class='ocrx_word' id='word_1_393' title='bbox 1261 2393 1374 2452; x_wconf 87' lang='grc'><strong>978.</strong></span> <span class='ocrx_word' id='word_1_394' title='bbox 1440 2389 1587 2452; x_wconf 81' lang='lat' dir='ltr'>Qod</span> <span class='ocrx_word' id='word_1_395' title='bbox 1625 2389 1706 2451; x_wconf 88' lang='lat' dir='ltr'>qui</span> <span class='ocrx_word' id='word_1_396' title='bbox 1740 2389 1786 2436; x_wconf 90' lang='lat' dir='ltr'>in</span> <span class='ocrx_word' id='word_1_397' title='bbox 1820 2388 2048 2436; x_wconf 82' lang='lat' dir='ltr'>amoribus</span> <span class='ocrx_word' id='word_1_398' title='bbox 2082 2386 2145 2434; x_wconf 88' lang='lat' dir='ltr'>sui</span> <span class='ocrx_word' id='word_1_399' title='bbox 2181 2387 2234 2435; x_wconf 77' lang='grc' dir='ltr'>δε</span> 
     </span>
     <span class='ocr_line' id='line_1_36' title="bbox 257 2406 2225 2520; baseline -0.001 -19"><span class='ocrx_word' id='word_1_400' title='bbox 257 2455 419 2503; x_wconf 83' lang='lat' dir='ltr'>mundi</span> <span class='ocrx_word' id='word_1_401' title='bbox 442 2454 559 2515; x_wconf 87' lang='lat' dir='ltr'>sunt,</span> <span class='ocrx_word' id='word_1_402' title='bbox 581 2467 672 2505; x_wconf 90' lang='lat' dir='ltr'>non</span> <span class='ocrx_word' id='word_1_403' title='bbox 696 2454 831 2505; x_wconf 88' lang='lat' dir='ltr'>sciant</span> <span class='ocrx_word' id='word_1_404' title='bbox 850 2454 964 2520; x_wconf 89' lang='lat' dir='ltr'>quid</span> <span class='ocrx_word' id='word_1_405' title='bbox 989 2453 1042 2503; x_wconf 84' lang='lat' dir='ltr'>fit</span> <span class='ocrx_word' id='word_1_406' title='bbox 1063 2451 1204 2507; x_wconf 87' lang='lat' dir='ltr'>facere</span> <span class='ocrx_word' id='word_1_407' title='bbox 1226 2406 1401 2505; x_wconf 63' lang='lat' dir='ltr'>gotium</span> <span class='ocrx_word' id='word_1_408' title='bbox 1417 2453 1580 2520; x_wconf 84' lang='lat' dir='ltr'>absque</span> <span class='ocrx_word' id='word_1_409' title='bbox 1593 2455 1962 2515; x_wconf 85' lang='lat' dir='ltr'>remuneratione,</span> <span class='ocrx_word' id='word_1_410' title='bbox 1986 2470 2038 2503; x_wconf 90' lang='lat' dir='ltr'>n:</span> <span class='ocrx_word' id='word_1_411' title='bbox 2053 2453 2082 2502; x_wconf 91' lang='lat'><strong>6</strong></span> <span class='ocrx_word' id='word_1_412' title='bbox 2087 2469 2146 2518; x_wconf 83' lang='grc'>39</span> <span class='ocrx_word' id='word_1_413' title='bbox 2159 2468 2195 2500; x_wconf 82' lang='lat' dir='ltr'>z.</span> <span class='ocrx_word' id='word_1_414' title='bbox 2219 2482 2225 2490; x_wconf 85' lang='lat'>·</span> 
     </span>
    </p>
   </div>
  </div>
 </body>
</html>
