2502 3432
1236 1092 1423 1155 DE

398 1251 1172 1358 ULTIMO
1320 1246 2243 1397 JUDICIO,

531 1596 1310 1789 'Babylonia
1366 1540 2123 1743 Destrud’ta:

322 1881 558 1993 Qod
598 1882 941 1962 Interitus
981 1884 1263 1963 Mundi
1336 1911 1491 1962 non
1568 1879 1988 1962 intelleE’ms
2051 1878 2136 1958 fit
2195 1907 2323 1988 per

586 2027 588 2029 ¹
888 1990 1082 2071 diem
1137 1987 1407 2072 Ultimi
1455 1988 1749 2095 Judicii.

330 2232 371 2265 1.
619 2212 712 2262 UI
752 2229 844 2265 non
876 2223 1105 2263 noverunt
1143 2212 1318 2262 sensum
1360 2211 1635 2277 spiritualem
1657 2211 1816 2270 Verbi,
1852 2225 1946 2260 non
1982 2211 2107 2260 aliud
2147 2211 2319 2259 intelle-

380 2286 385 2291 ·
653 2287 833 2332 xerunt,
866 2290 1007 2339 quam
1030 2282 1160 2339 quod
1182 2282 1256 2325 die
1277 2279 1452 2324 Ultimi
1474 2279 1648 2340 Judicii
1670 2280 1905 2327 interitura
1926 2278 2011 2327 fint
2033 2278 2187 2327 omnia
2214 2294 2320 2341 quae

658 2337 706 2385 in
725 2341 916 2387 Mundo
937 2356 1092 2388 coram
1114 2342 1261 2389 oculis
1285 2356 1517 2405 apparent,
1552 2361 1658 2391 narn
1695 2346 1882 2402 dicitur,
1917 2345 2043 2407 quod
2068 2356 2178 2390 tunc
2201 2345 2320 2405 peri·

660 2415 812 2453 turum
849 2405 1040 2453 Coeluin
1080 2422 1192 2454 cum
1230 2417 1363 2462 terra,
1398 2409 1449 2461 &
1483 2408 1611 2468 quod
1650 2409 1778 2454 Deus
1817 2423 1994 2454 novum
2035 2409 2227 2454 Coelum
2266 2409 2318 2455 δε

324 2487 492 2522 novam
516 2473 707 2520 Terram
730 2482 984 2520 creaturus:
1021 2471 1069 2518 in
1107 2472 1192 2519 hac
1230 2472 1442 2535 opinione
1482 2473 1619 2519 etiam
1659 2471 1702 2519 se
1735 2473 2121 2520 confirmaverunt
2155 2489 2237 2537 per
2266 2474 2316 2521 id

324 2540 452 2602 quod
473 2538 650 2587 dicatur
671 2538 797 2603 quod
822 2554 979 2586 omnes
1002 2550 1113 2586 tunc
1134 2553 1160 2585 e
1182 2537 1426 2602 sepulchris
1455 2536 1671 2585 ascensuri
1693 2538 1796 2596 flur,
1831 2539 1882 2586 δε
1905 2539 2030 2602 quod
2055 2552 2165 2586 tunc
2190 2540 2313 2603 sepa-

322 2606 450 2652 randi
474 2604 557 2652 sint
578 2605 686 2655 boni
709 2622 734 2652 a
757 2605 901 2661 malis,
926 2604 1052 2680 &⁴¹5⁶
1068 2619 1206 2668 porro
1225 2622 1236 2652 :
1273 2602 1349 2652 sed
1369 2605 1431 2652 ita
1453 2604 1618 2652 dicitur
1640 2605 1685 2651 in
1710 2605 1832 2652 sensu
1856 2605 1996 2652 literae
2011 2605 2170 2662 Verbi,
2206 2607 2313 2669 quia

322 2670 465 2718 sensus
504 2669 643 2718 literae
663 2672 804 2719 Verbi
843 2671 906 2718 est
940 2671 1150 2718 staturalis
1190 2671 1240 2719 &
1274 2671 1321 2718 in
1355 2671 1523 2718 ultimo
1547 2671 1732 2718 Ordinis
1756 2672 1933 2727 Divini,
1968 2671 2047 2718 ubi
2081 2674 2235 2718 omnia
2258 2674 2309 2720 δε

322 2736 496 2799 singula
531 2735 702 2784 sensum
738 2723 1011 2800 spirituasem
1050 2738 1097 2783 in
1136 2735 1178 2784 se
1216 2736 1483 2792 continent3
1518 2750 1793 2799 quapropter
1821 2738 1901 2800 qui
1923 2737 2128 2784 Verbum
2163 2737 2312 2786 solum

322 2802 569 2850 secundum
611 2802 782 2863 sensum
819 2799 958 2850 literae
996 2802 1358 2865 comprehendit,
1394 2804 1431 2849 is
1454 2801 1556 2849 ferri
1581 2804 1724 2865 potest
1747 2804 1793 2850 in
1814 2804 1954 2850 varias
1972 2805 2223 2866 opiniones,
2258 2817 2311 2852 ut

319 2884 503 2932 quoque
542 2867 711 2916 faeium
753 2867 814 2915 est
850 2870 896 2915 in
920 2868 1046 2914 Orbe
1070 2867 1339 2924 Christiano,
1373 2868 1453 2915 ubi
1492 2869 1595 2916 inde
1635 2881 1705 2916 tot
1730 2869 1936 2917 Haereses
1972 2869 2090 2926 sunt,
2125 2871 2174 2918 &
2199 2886 2309 2917 una-

319 2935 496 2997 quaevis
519 2934 813 2982 confirmatur
834 2949 891 2982 ex
912 2933 1081 2981 Verbo.
1126 2994 1129 2996 .
1150 2933 1238 2980 Sed
1263 2935 1367 2997 quia
1390 2950 1527 2982 nemo
1547 2935 1693 2982 adhuc
1717 2948 1916 2992 noverat,
1952 2936 2076 2998 quod
2095 2937 2309 2984 omnibus

320 3001 371 3047 &
392 3000 576 3064 singulis
593 3001 733 3048 Verbi
756 3000 857 3047 infit
878 2999 1020 3047 sensus
1043 2999 1294 3063 spiritualis,
1330 3017 1385 3047 ne
1406 3001 1594 3064 quidem
1616 3001 1727 3064 quid
1753 3001 1895 3050 sensus
1919 3002 2171 3066 spirituali3‚
2207 3003 2310 3049 ideo

321 3063 578 3127 ignoscendi
601 3066 717 3124 sunt,
742 3066 821 3131 qui
845 3066 957 3114 hanc
979 3067 1241 3129 opinionem
1263 3066 1321 3113 de
1337 3066 1523 3114 Ultimo
1540 3067 1725 3128 Judicio
1747 3082 2036 3132 captaverunt
2055 3090 2070 3124 3
2106 3082 2149 3116 at
2172 3068 2310 3130 usque

323 3145 444 3178 nunc
464 3133 619 3191 sciant,
653 3135 781 3197 quod
803 3149 895 3183 non
918 3133 1107 3182 Coelutn
1130 3147 1283 3182 coram
1307 3134 1450 3181 oculis
1474 3133 1733 3199 aspediabile
1767 3137 2017 3200 periturum
2057 3135 2126 3191 sit,
2162 3149 2307 3245 pieque

1322 3202 1371 3248 A
1408 3215 1435 3248 2
2216 3213 2309 3244 erra
