2508 3432
560 149 661 195 ιτ
711 145 894 203 nus
940 125 1409 191 Dec-rama
1456 122 1935 191 contusi-1.
2148 143 2253 209 47

248 254 414 324 refert,
452 256 662 329 qualiter
699 264 939 328 apparent
979 252 1035 306 in
1068 262 1273 305 externa
1312 251 1495 318 forma,
1537 252 1576 307 fi
1600 256 1680 308 vel
1714 252 1831 307 elati
1868 250 1948 306 vel
1985 249 2208 306 submiffi
2227 279 2247 317 3

251 353 371 389 nam
407 333 524 386 talia
559 331 672 385 sunt
706 331 762 384 in
785 327 1004 382 interiori
1028 326 1255 392 homine,
1295 328 1351 378 δε
1374 327 1576 380 interior
1612 328 1774 382 homo
1808 346 1841 381 a
1862 326 2116 400 plerisque
2153 345 2249 381 oc-

250 409 484 472 cultatur,
535 423 595 459 ac
636 404 848 458 exterior
875 401 1131 455 instruitur
1173 399 1376 453 mentiri
1413 400 1500 453 illa
1536 418 1650 472 quae
1690 404 1898 456 Amoris
1937 401 2137 455 Publici
2192 405 2248 456 δι

249 482 470 556 proximi
493 481 622 542 sunt,
659 478 725 530 ita
764 477 1042 540 contraria;
1079 477 1133 529 δε
1158 474 1260 528 hoc
1298 492 1503 546 quoque
1539 488 1740 547 propter
1777 476 1855 529 se:
1893 476 2053 530 sciunt
2087 477 2245 540 enim,

246 558 387 629 quod
423 570 588 608 amare
612 551 885 605 Publicum
909 553 963 604 δε
985 551 1281 624 proximum
1318 549 1523 602 interius
1558 548 1741 602 afficiat
1779 565 1973 614 omneS,
2017 551 2070 604 δε
2109 553 2250 623 quod

245 644 442 690 tantum
466 640 697 680 amentur
720 627 775 680 ὅτ,
799 626 1102 679 aestimentur
1114 651 1132 690 3
1165 624 1306 698 quod
1331 623 1531 689 afficiat,
1556 623 1628 677 est
1652 623 1773 696 quia
1790 623 1998 678 Coelum
2023 626 2076 677 in
2100 626 2250 679 illum

246 721 473 759 amorem
507 701 689 755 influit.
919 699 929 702 ’

323 797 413 852 75.
450 777 593 830 Mala
617 795 731 848 quae
762 775 858 829 illis
884 776 996 828 sunt
1019 775 1109 847 qui
1134 775 1188 828 in
1212 775 1408 828 Amore
1431 773 1523 838 sui,
1552 773 1665 826 sunt
1690 771 1741 825 in
1766 789 1963 843 genere,
2002 772 2250 827 Contem-

247 865 327 908 tus
351 853 587 915 aliorum,
622 851 832 914 Invidia,
867 850 1139 904 Inimicitia
1174 862 1346 905 contra
1377 849 1488 903 illos
1514 849 1603 921 qui
1631 847 1723 901 fibi
1759 865 1864 901 non
1903 846 2089 910 favent,
2132 848 2249 900 Ho-

244 928 415 982 stilitas
437 926 571 989 inde,
611 926 745 978 Odia
766 926 887 978 varii
911 925 1119 996 generis,
1144 924 1411 988 Vindictae,
1437 923 1609 988 Astus,
1646 922 1791 988 Doli,
1817 921 2252 987 Immisericordia,

179 1052 182 1055 .
249 1004 302 1055 &
330 999 605 1053 Crudelitas
619 1025 638 1063 3
680 1001 733 1053 δε
758 1000 846 1052 ubi
875 1001 990 1052 talia
1015 1000 1159 1053 Mala
1195 1001 1324 1063 sunt,
1364 999 1437 1052 est
1460 1000 1614 1052 etiam
1638 999 1940 1051 Contemtus
1964 996 2157 1058 Divini‚
2195 1015 2254 1048 ac

246 1075 553 1128 Divinorum
577 1091 693 1145 quae
709 1072 823 1127 sunt
840 1075 976 1127 Vera
1010 1075 1064 1126 δε
1090 1074 1231 1128 Bona
1258 1073 1491 1127 Ecclefiae
1505 1100 1524 1137 ;
1568 1090 1682 1145 quae
1710 1071 1749 1124 fi
1772 1068 2038 1134 honorant,
2075 1070 2148 1122 est
2172 1069 2252 1121 so-

246 1149 359 1202 lum
394 1165 481 1201 ore
516 1149 570 1200 δε
614 1166 718 1200 non
762 1148 930 1204 corde.
1006 1149 1078 1201 Et
1110 1149 1241 1221 'quia
1276 1149 1392 1207 talia
1429 1147 1575 1201 Mala
1612 1146 1731 1200 inde
1770 1145 1902 1213 sunt,
1946 1145 2102 1199 etiam
2138 1143 2252 1200 sunt

247 1222 425 1276 fimilia
449 1221 612 1286 Falss,
645 1241 771 1276 nam
792 1241 861 1276 ex
882 1222 1030 1276 malis
1051 1222 1166 1276 funt
1187 1222 1325 1276 falsa.
2206 1260 2214 1266 -

322 1298 417 1370 76.v
451 1298 617 1349 Amor
659 1297 842 1351 mundi
885 1308 1072 1360 autem,
1130 1297 1204 1350 est
1243 1297 1371 1352 velle
1415 1297 1632 1351 aliorum
1666 1295 1806 1368 Opes
1850 1293 1915 1346 ad
1949 1292 2001 1346 se·
2033 1292 2253 1345 derivare

247 1389 548 1443 quacunque
573 1382 692 1434 arte,
736 1389 796 1427 ac
819 1371 874 1425 in
896 1372 1080 1425 divitiis
1104 1390 1192 1425 cor
1216 1390 1421 1446 ponere,
1464 1374 1519 1425 ὅτ.
1542 1371 1647 1444 pati
1684 1382 1742 1423 ut
1765 1367 1998 1422 Mundus
2037 1367 2252 1420 retrahat

250 1447 305 1497 δε
327 1446 544 1498 abducat
576 1445 725 1496 illum
763 1447 1052 1498 ab-Amore
1086 1447 1341 1515 spirituali,
1382 1447 1479 1516 qui
1507 1447 1580 1498 est
1606 1448 1773 1496 Amor
1795 1460 1910 1512 erga
1937 1442 2252 1513 proximum,

251 1519 320 1569 ita
354 1535 384 1568 a
409 1517 572 1568 Coelo.
648 1517 730 1568 mi
761 1518 814 1567 in
839 1519 1033 1568 Amore
1058 1519 1239 1569 mundi
1263 1519 1390 1578 sunt,
1429 1518 1519 1586 qui
1544 1518 1756 1584 cupiunt
1791 1516 2006 1565 aliorum
2032 1516 2163 1566 bona
2198 1515 2255 1567 in

250 1590 303 1641 fi:
325 1590 545 1641 derivare
566 1605 658 1657 per
678 1589 839 1639 varias
857 1600 1000 1649 πως,
1043 1589 1295 1657 imprimis
1320 1589 1410 1656 qui
1442 1605 1532 1656 per
1564 1588 1695 1639 astus
1730 1589 1785 1638 δε
1809 1586 1971 1649 dolos,
2007 1585 2158 1640 nihili*
2176 1586 2257 1640 fa-

250 1655 434 1712 cientes
471 1659 668 1712 bonum
707 1658 966 1730 proximi:
1026 1657 1118 1720 illi,
1156 1658 1248 1729 qui
1294 1658 1348 1709 in
1384 1658 1474 1711 illo
1510 1674 1682 1711 amore
1720 1658 1869 1721 sunt,
1895 1659 2255 1732 concupiscunt

145 1785 150 1789 .
249 1733 462 1786 aliorum
488 1731 638 1794 bona,
679 1732 732 1784 &
756 1743 1007 1804 quantum
1043 1749 1147 1784 non
1173 1732 1355 1785 timent
1378 1730 1511 1804 leges
1537 1733 1590 1786 &
1606 1728 1859 1806 jaeiuram
1882 1730 2032 1785 famae
2057 1746 2255 1807 propter

249 1807 468 1870 lucrum,
504 1806 778 1879 deprivant,
800 1806 927 1859 imo
948 1806 1310 1879 depraedantur.
1975 1852 1977 1854 ,

326 1897 423 1952 77.
459 1880 559 1940 Sed
579 1882 750 1934 Amor
776 1880 958 1934 mundi
979 1899 1083 1934 non
1108 1879 1164 1934 in
1187 1881 1273 1934 tali
1291 1880 1451 1953 gradu
1481 1879 1555 1934 est
1579 1880 1835 1955 ,oppofitus
1850 1881 2034 1936 Amori
2052 1882 2258 1948 coelesti,

252 1957 306 2009 in
329 1975 433 2027 quo
469 1954 544 2008 est·
568 1958 735 2008 Amor
771 1955 862 2019 sui,
895 1956 1141 2027 quoniam
1167 1974 1273 2009 non
1310 1967 1447 2009 tanta
1468 1955 1618 2009 Mala
1650 1958 1706 2008 in
1742 1975 1806 2009 eo
1830 1956 2086 2010 recondita
2121 1958 2251 2011 sunt.

254 2034 422 2083 Amor
458 2029 542 2081 ille
567 2029 840 2102 multiplex
871 2030 943 2082 est
958 2047 975 2082 e
1019 2029 1091 2082 est
1117 2031 1284 2084 Amor
1307 2049 1487 2103 opum,
1525 2042 1586 2083 ut
1607 2030 1883 2083 evehantur
1917 2032 1979 2083 ad
2005 2030 2252 2095 honores;

252 2103 328 2156 est
348 2106 515 2157 Amor
537 2102 793 2158 honorum
818 2105 871 2156 sc
896 2103 1215 2174 dignitatum,
1253 2117 1311 2158 ut
1325 2106 1589 2171 ‘lucrentur
1614 2123 1735 2178 opes
1750 2131 1775 2169 ,-
1811 2105 1885 2158 est
1902 2107 2069 2158 Amor
2094 2124 2257 2178 opum

252 2190 454 2250 propter
492 2177 649 2230 varios
688 2179 819 2242 usus,
860 2179 1042 2250 quibus
1080 2179 1390 2232 deiediantur
1425 2180 1477 2232 in
1516 2181 1749 2243 mundo;
1794 2179 1868 2232 est
1891 2182 2058 2232 Amor
2094 2198 2256 2253 opum

254 2263 453 2322 propter
488 2251 612 2304 solas
638 2267 776 2324 ope3,
816 2254 924 2305 talis
951 2271 1094 2306 amor
1128 2253 1200 2306 est
1229 2255 1443 2318 Avaris3
1481 2257 1535 2307 &t
1559 2254 1627 2307 fic
1650 2273 1836 2327 porro:
1884 2252 2013 2318 finis,
2053 2267 2270 2327 propter*

253 2322 585 2397 quem'opeS,
623 2338 828 2376 vocatur
852 2327 985 2387 usus,
1024 2345 1082 2380 ac
1128 2327 1241 2380 finis
1280 2329 1366 2381 seu
1412 2330 1527 2381 usus
1564 2328 1652 2392 est,
1705 2347 1734 2381 a
1775 2346 1880 2399 quo
1907 2331 2072 2381 Amor
2105 2329 2256 2381 suum

253 2396 404 2469 quale
425 2395 575 2448 trahit
586 2422 606 2458 3
642 2413 764 2449 nam
787 2397 897 2449 talis
920 2399 991 2448 est
1016 2402 1203 2461 Amor,
1225 2402 1384 2470 qualis
1410 2403 1484 2461 est¹
1504 2401 1619 2454 finis
1641 2414 1846 2474 propter
1865 2418 2038 2472 quem,
2065 2401 2267 2473 reliqua.

252 2473 300 2524 ei
334 2469 549 2523 serviunt
573 2481 629 2522 ut
651 2471 836 2524 media.

330 2545 422 2614 78.
459 2545 646 2607 Verbo,
688 2546 854 2597 Amor
877 2543 951 2596 sui
971 2546 1023 2597 δε
1044 2545 1216 2597 Amor
1240 2543 1452 2608 mundi,
1481 2544 1594 2597 sunt
1621 2545 1818 2617 prorsus
1842 2545 2055 2618 uppofiti
2069 2547 2253 2606 Amori

258 2619 312 2670 in
334 2619 638 2681 Dominum,
677 2620 731 2671 sc
755 2619 938 2671 Amori
979 2637 1095 2690 erga
1135 2618 1469 2691 proximum3
1511 2637 1664 2691 quare
1690 2622 1858 2673 Amor
1893 2621 1968 2672 sui
2006 2622 2059 2673 ὅτι
2084 2623 2258 2674 Amor-

259 2692 451 2744 mundi·
479 2692 590 2743 sunt
609 2693 823 2745 Amores
859 2693 1142 2759 infernaleS,
1184 2706 1391 2764 regnant
1428 2694 1581 2747 etiam
1622 2694 1675 2746 in
1700 2694 1923 2759 Infern0,
1968 2696 2022 2747 ὅτ
2046 2714 2252 2766 quoque

258 2765 447 2818 faciunt
468 2765 720 2817 infernum
745 2767 879 2837 apud
903 2766 1201 2830 hominem3
1241 2770 1409 2820 Amor
1430 2780 1599 2820 autem
1629 2768 1683 2820 in
1709 2769 1999 2821 Dominum
2018 2770 2071 2822 &c
2090 2773 2261 2821 Amcr.

259 2857 373 2910 erga
400 2839 693 2909 proximum
717 2839 830 2893 sunt
852 2841 1068 2895 Amores
1094 2842 1331 2907 coelesteS,
1365 2855 1570 2914 regnant
1594 2843 1746 2896 etiam
1769 2843 1823 2896 in
1847 2844 2012 2909 Coelo,
2048 2845 2101 2896 &
2121 2862 2274 2916 quo--

258 2931 358 2984 que
382 2913 572 2965 faciunt
596 2913 785 2966 coelum
821 2917 954 2987 apud
978 2917 1260 2970 hominem.
1563 2924 1566 2926 ’

335 3002 426 3057 79.
463 2988 546 3039 Ex
582 2985 660 3039 his
696 3006 807 3058 quae
832 3007 967 3042 nunc
991 2991 1122 3044 dicia
1159 2991 1286 3053 sunt,
1326 2990 1479 3043 videri
1515 2991 1691 3064 potest,
1729 2991 1869 3063 quod
1909 2993 1959 3045 in
1986 2991 2113 3044 binis
2152 2990 2250 3043 illis

261 3061 559 3130 AmoribuS,
593 3061 646 3114 ἃ
680 3079 745 3117 ex
784 3061 897 3129 illis,
938 3063 1034 3121 fint
1067 3067 1239 3122 omnia
1263 3065 1438 3142 Mala,
1483 3084 1609 3141 nam
1642 3066 1730 3142 illa
1764 3067 1928 3134 Mala,
1973 3085 2088 3139 quae
2123 3083 2270 3117 enu*

2070 3150 2261 3211 metata
