2502 3432
535 175 651 238 Da
688 171 1300 267 TELLUR113US
1355 193 1440 238 IN
1488 170 2001 236 UNIVERSO.
2172 189 2258 246 41

280 300 425 348 folum
450 297 567 358 foret
587 298 784 354 inomni
805 299 979 351 scientia
1005 299 1223 361 requisita,
1266 299 1339 346 sed
1362 303 1498 347 etiam
1538 302 1583 346 in
1619 301 1745 347 omni
1780 297 2072 362 intelligentia
2110 296 2159 344 δε
2198 295 2262 342 sa-

279 366 463 429 pientia,
503 371 608 421 nam
648 364 721 411 hae
759 365 807 410 in
829 379 1003 410 amores
1034 364 1142 411 illos‘
1169 365 1405 411 influerent
1438 382 1462 411 e
1494 366 1633 420 coe10,
1674 366 1761 411 hoc
1800 366 1878 421 est,
1921 381 2001 427 per
2032 364 2203 411 coelum
2239 377 2267 408 a

277 433 467 491 Divino.
519 429 623 476 -sed
659 427 767 491 quia
789 425 946 475 'homo
986 444 1079 476 non
1119 432 1165 476 in
1203 445 1377 477 amores
1418 429 1521 476 illos
1558 429 1764 484 nascitur,
1805 430 1878 476 sed
1915 431 1961 476 in
2000 428 2264 490 contrarios,

275 495 521 558 ,nempein
556 510 732 544 amores
768 494 832 541 sui
874 498 920 541 &
958 495 1140 550 mundi,
1190 495 1363 543 idcirco
1406 511 1495 541 non
1537 493 1683 556 potest
1725 495 1849 540 aliter
1884 510 2021 556 quam
2063 493 2178 540 nasci
2218 494 2264 539 in

273 576 462 609 omnem
496 561 795 622 ignorantiam
820 562 868 607 δε
894 559 1147 614 inscitiam;
1190 572 1235 606 at
1259 577 1341 623 per
1365 561 1514 606 media
1541 561 1705 605 Divina
1727 558 1990 622 perducitur
2013 559 2067 604 ad
2092 557 2264 621 aliquid

274 625 585 688 intelligentiae
614 627 668 672 ὅτ.
704 625 955 689 sapientiae,
992 625 1065 672 sed
1102 626 1238 688 usque
1272 642 1363 672 non
1389 625 1630 680 ,actualiter
1665 627 1712 670 in
1748 624 1935 688 aliquid,
1978 623 2057 669 nifi
2093 639 2265 670 amores

274 691 340 751 sui
374 690 610 750 &inmundi
643 693 1059 747 removeantur,&
1085 691 1143 737 fic
1178 692 1396 755 aperiatur
1417 693 1492 739 via
1527 707 1613 753 pro
1644 686 1796 737 amore
1828 692 1875 736 in
1898 690 2054 736 Deum
2086 689 2135 734 δε
2160 704 2267 750 erga

274 750 555 821 proitimum.
602 757 770 815 ‘Quod
802 772 931 803 amor
967 758 1014 803 in
1037 757 1191 804 Deum
1232 758 1283 804 &
1308 773 1437 804 amor
1475 772 1581 820 erga
1615 758 1880 818 proximum
1921 756 1967 801 in
2000 753 2044 818 se
2078 753 2266 800 habeant

273 815 459 885 omnem
490 822 831 884 intelligentiam
868 822 919 869 δι’.
944 821 1219 886 sapientiam,
1260 822 1637 886 constarerpotest
1677 837 1734 868 ex
1772 822 1858 868 illis
1892 821 1971 884 qui
2006 821 2050 866 in
2089 819 2269 866 mundo

273 890 325 935 in
355 885 585 934 amoribus
620 888 707 934 illis
748 888 945 944 fuerunt,
998 888 1064 935 illi
1110 905 1218 936 cum
1258 888 1359 952 post
1400 901 1593 935 mortem
1642 888 1688 934 in
1735 887 1911 934 coelum
1948 887 2155 940 veniunt,
2202 885 2266 931 ibi

273 952 492 1000 sciunt&
514 951 688 1015 sapiunt
713 953 829 1010 talia,
871 969 978 1016 quae
1018 954 1236 1018 nusquam
1278 956 1402 1018 prius
1437 966 1687 1009 noverant,
1734 955 1831 1000 imo
1869 953 2071 1015 cogitant
2108 952 2157 997 &
2197 950 2268 997 lo-

274 1029 479 1082 quuntur
499 1018 562 1065 ibi
587 1031 637 1065 ut
670 1020 830 1082 reliqui
860 1019 1023 1082 angeli,
1070 1033 1177 1083 quae
1216 1021 1320 1068 talia
1354 1019 1474 1076 sunt,
1514 1036 1621 1083 quae
1660 1018 1880 1082 nusquam
1922 1019 2037 1079 auris
2073 1017 2267 1072 audivit,

275 1099 511 1145 :neomens
531 1083 675 1140 scivit,
709 1102 815 1147 quae
849 1085 1089 1134 ineffabilia
1111 1086 1244 1135 sunt:
1291 1085 1417 1135 causa
1440 1084 1522 1143 est,
1563 1086 1669 1150 quia
1699 1085 1871 1134 amores
1906 1084 1971 1131 illi
2006 1082 2266 1131 facultatem

274 1148 646 1228 recipiendi-talia
666 1151 716 1196 in
740 1150 780 1198 se
805 1151 989 1199 habent,

277 1305 400 1382 De
430 1272 736 1384 Tellure
796 1309 920 1385 seu
990 1310 1289 1387 Planeta
1330 1272 1740 1406 SVATURNI,
1822 1309 2056 1415 deque
2115 1307 2267 1407 ejus
2292 1329 2380 1399 552
2415 1333 2471 1390 (A

830 1419 1212 1527 Spiritibus
1265 1422 1348 1499 δε
1403 1420 1689 1499 Incolis,
2325 1413 2456 1475 (ηὼ-
2487 1437 2502 1461 ι

277 1619 359 1670 97.
408 1641 413 1646 »
473 1603 643 1652 Pii-itus
676 1619 743 1651 ex
771 1603 845 1650 illa
879 1604 1082 1661 Tellure,
1122 1605 1202 1652 ubi
1236 1605 1328 1668 ipsa
1351 1606 1529 1661 Tellus,
1569 1614 1789 1668 apparent
1818 1603 2068 1657 antrorsum
2110 1603 2163 1650 ad
2202 1604 2272 1650 in·

297 1716 318 1726 „
379 1607 462 1730 S
496 1668 670 1732 fignem
695 1668 967 1725 distantiam,
1007 1667 1191 1717 inferius
1214 1671 1260 1719 in
1282 1671 1421 1734 plano
1442 1672 1678 1734 genuum:
1730 1670 1780 1716 δε
1801 1684 1908 1715 cum
1933 1670 2131 1731 aperitur
2158 1669 2267 1716 illuc

274 1734 453 1790 oculus,
497 1736 543 1780 in
583 1734 875 1798 conspectum
897 1735 1021 1782 venit
1059 1735 1310 1784 multitudo
1348 1735 1606 1799 spirituum,
1644 1736 1726 1799 qui
1766 1750 1924 1782 omnes
1962 1734 2062 1781 sunt
2102 1751 2157 1782 ex
2196 1735 2271 1782 illa

276 1800 500 1848 Tellure:
540 1800 873 1863 conspiciuntur
913 1801 970 1848 ab
1012 1801 1093 1849 hac
1132 1802 1334 1850 Telluris
1370 1802 1491 1850 illius
1527 1799 1668 1866 parte,
1714 1802 1763 1849 δι
1804 1801 1861 1847 ad
1900 1801 2113 1847 dextrum
2160 1799 2284 1863 ejus.v

275 1866 451 1913 Datum
476 1864 539 1912 est
562 1882 747 1929 quoque
780 1882 888 1914 cum
912 1866 1003 1914 illis
1023 1867 1168 1932 loqui,
1204 1869 1255 1916 ὅτ
1278 1869 1383 1916 inde
1406 1867 1690 1932 cognoscere,
1725 1867 1880 1931 quales
1904 1865 2005 1913 sunt
2028 1865 2269 1931 respective

279 1931 337 1978 ad
376 1930 513 1978 alios:
560 1931 663 1979 sunt
697 1931 853 1996 probi,
888 1932 938 1980 &
973 1932 1075 1981 sunt
1110 1933 1301 1982 modesti
1320 1957 1335 1991 ;
1381 1935 1431 1983 δε
1455 1936 1563 1999 quia
1600 1934 1643 1983 se
1680 1949 1844 1998 parvos
1879 1933 2119 1990 aestimant,
2167 1934 2287 1981 ideo
2337 1962 2346 1965 -

277 2011 463 2060 quoque
497 1997 543 2043 in
576 1997 712 2046 altera
735 1999 828 2045 vita
858 2012 1072 2062 apparent
1097 2001 1240 2064 parvi.

275 2078 279 2082 ¹
345 2065 425 2127 98.
462 2063 516 2109 In
539 2062 790 2112 cultusunt
820 2081 1037 2128 perquam
1063 2067 1273 2124 humiles,
1315 2084 1419 2115 nam
1459 2068 1506 2115 in
1540 2067 1619 2127 illo
1653 2067 1694 2114 se
1733 2081 1818 2130 pro
1856 2065 1998 2114 nihilo
2031 2064 2267 2112 aestimant.

279 2127 454 2193 Colunt
474 2129 736 2178 Dominum
758 2129 981 2188 nostrum,
1021 2132 1071 2180 &
1105 2133 1260 2195 Ipsum
1295 2149 1376 2197 pro
1412 2135 1548 2181 unico
1570 2134 1676 2181 Deo
1711 2131 1991 2195 agnoscunt:
2041 2133 2270 2179 Dominus

278 2193 415 2258 etiam
453 2206 634 2258 apparet
673 2197 944 2260 quandoque
978 2198 1064 2245 illis
1087 2198 1168 2245 sub
1189 2198 1335 2246 forma
1362 2201 1602 2263 Angelica,
1640 2200 1693 2246 δε,
1713 2199 1771 2246 fic
1797 2210 1848 2245 ut
1870 2200 2054 2254 Home,
2086 2199 2136 2245 ὅτ.
2161 2211 2269 2244 tunc

279 2257 504 2326 Divinum
526 2260 672 2308 elucet
694 2278 750 2309 ex
773 2260 899 2319 facie,
936 2264 985 2312 δε
1008 2265 1144 2312 afficit
1176 2265 1396 2313 animum.
1467 2266 1636 2314 Incolae
1669 2266 1822 2320 etiam,
1867 2281 1973 2312 cum
2009 2264 2063 2310 ad
2088 2276 2268 2310 aetatem

277 2326 563 2385 perveniunt,
604 2327 853 2388 loquuntur
878 2344 984 2374 cum
1009 2330 1266 2389 Spiritibus,
1309 2348 1334 2376 a
1372 2332 1538 2391 quibus
1573 2331 1852 2376 instruuntur
1875 2331 1932 2374 de
1954 2330 2176 2382 Domino,
2217 2329 2270 2372 δε

278 2390 516 2451 quomodo
539 2390 772 2442 colenduS,
814 2402 913 2434 tum
938 2393 1178 2452 quomodo
1200 2393 1466 2438 vivendum.
1540 2393 1744 2449 Quando
1767 2393 1902 2454 aliqui
1939 2391 2101 2437 volunt
2139 2391 2265 2454 spiri-

280 2465 371 2508 tus,
408 2454 490 2514 qui
514 2453 635 2507 inde,
671 2451 891 2509 seducere,
924 2455 975 2501 ὅτ
1015 2472 1039 2501 a
1063 2454 1152 2501 fide
1186 2456 1231 2501 in
1256 2457 1514 2503 Dominum
1550 2455 1810 2511 abstrahere,
1853 2468 1928 2503 aut
1966 2456 2022 2501 ab
2059 2456 2269 2503 humiliar

280 2519 401 2564 tione
424 2532 529 2579 erga
552 2515 725 2580 Ipsum,
761 2519 811 2565 &
846 2520 1116 2582 a-probitate
1142 2522 1267 2577 vitae,
1304 2523 1463 2569 dicunt
1497 2521 1537 2568 se
1572 2523 1688 2568 mori
1712 2522 1860 2576 velle;
1909 2535 2123 2585 apparent
2154 2536 2265 2570 tunc

282 2584 329 2629 in
355 2583 559 2629 manibus
582 2582 765 2631 illorum
797 2587 927 2648 parvi
959 2586 1108 2643 cultri,
1148 2603 1228 2650 per
1248 2603 1364 2651 quos
1400 2588 1579 2651 pec‘tora
1615 2587 1689 2634 sua
1712 2600 1939 2650 percutere
1971 2587 2084 2634 velle
2109 2589 2269 2636 viden.-

281 2661 388 2695 tur:
436 2664 542 2695 cum
584 2649 914 2713 interrogantur
954 2668 1034 2699 cur
1074 2655 1134 2699 ita
1174 2651 1359 2709 faciunt,
1401 2655 1559 2700 dicunt
1596 2654 1720 2716 quod
1759 2654 1913 2716 potius
1955 2655 2071 2700 mori
2106 2655 2284 2712 velint,.

280 2730 419 2778 quam
454 2714 618 2761 abduci
657 2731 682 2762 a
721 2717 952 2764 Domino:
1002 2718 1178 2781 spiritus
1219 2719 1381 2765 nostrae
1404 2719 1602 2765 Telluris
1637 2721 1907 2782 quandoque
1946 2720 2132 2767 irrident
2165 2721 2265 2768 illos

279 2792 528 2844 propterea,
567 2780 617 2826 δε
653 2778 859 2828 infestant
899 2782 1073 2846 probris
1116 2785 1240 2846 quod
1281 2786 1340 2831 ita
1374 2783 1574 2837 faciant·,
1638 2785 1709 2831 sed
1746 2797 1854 2833 tum:
1877 2785 2177 2848 respondent,
2221 2786 2262 2833 se

278 2847 419 2911 probe
443 2844 548 2892 scire
570 2847 695 2908 quod
732 2845 870 2893 semet
905 2864 996 2895 non
1035 2850 1310 2905 interimant,
1354 2849 1423 2897 sed
1449 2850 1574 2912 quod
1614 2850 1701 2897 hoc
1738 2849 1884 2898 solum
1921 2854 2175 2915 apparentia
2208 2853 2280 2899 fit?

278 2911 461 2958 effluens
485 2927 539 2957 ex
561 2912 793 2959 voluntate
813 2914 948 2960 animi
986 2931 1164 2969 eorum,
1210 2915 1334 2977 quod
1359 2918 1510 2978 potius
1552 2918 1669 2962 mori
1693 2918 1867 2974 velint,
1894 2933 2032 2981 quam
2072 2917 2262 2967 abstrahi

282 2991 315 3022 a.
328 2977 455 3024 cultu
479 2978 687 3024 Domini.

349 3059 425 3105 99.
465 3042 700 3099 Dicebant,
739 3041 1122 3106 quod'aliquoties
1158 3045 1214 3091 ad
1256 3046 1353 3093 illos
1391 3049 1572 3095 veniant
1613 3047 1787 3111 spiritus
1832 3064 1857 3094 a
1891 3047 2034 3095 nostra
2050 3049 2260 3105 Tellure,

279 3108 360 3169 qui
381 3123 454 3157 eos
476 3122 704 3172 quaerunt,
745 3125 883 3172 quem
908 3111 1074 3158 Deum
1089 3111 1260 3169 colunt,
1297 3113 1460 3176 quibus
1486 3113 1768 3178 respondent,
1784 3161 1788 3164 ,
1805 3114 1931 3178 quod
1956 3113 2186 3168 insaniant,
2210 3118 2274 3163 &.

1373 3180 1411 3225 F
1577 3223 1583 3225 .
2145 3181 2291 3242 quod.
