<?xml version="1.0" encoding="UTF-8"?>
<!DOCTYPE html PUBLIC "-//W3C//DTD XHTML 1.0 Transitional//EN"
    "http://www.w3.org/TR/xhtml1/DTD/xhtml1-transitional.dtd">
<html xmlns="http://www.w3.org/1999/xhtml" xml:lang="en" lang="en">
 <head>
  <title>
</title>
<meta http-equiv="Content-Type" content="text/html;charset=utf-8" />
  <meta name='ocr-system' content='tesseract 3.04.00' />
  <meta name='ocr-capabilities' content='ocr_page ocr_carea ocr_par ocr_line ocrx_word'/>
</head>
<body>
  <div class='ocr_page' id='page_1' title='image "./denovahierosolym00sweduoft_0029.png"; bbox 0 0 2508 3432; ppageno 0'>
   <div class='ocr_carea' id='block_1_1' title="bbox 538 113 2250 203">
    <p class='ocr_par' dir='ltr' id='par_1_1' title="bbox 538 113 2250 203">
     <span class='ocr_line' id='line_1_1' title="bbox 538 113 2250 203; baseline -0.007 -10"><span class='ocrx_word' id='word_1_1' title='bbox 538 148 640 193; x_wconf 74' lang='lat' dir='ltr'>ET</span> <span class='ocrx_word' id='word_1_2' title='bbox 695 145 899 199; x_wconf 73' lang='lat' dir='ltr'>Ejus</span> <span class='ocrx_word' id='word_1_3' title='bbox 951 113 1962 189; x_wconf 54' lang='lat' dir='ltr'>Doc-rnmacozmsm.</span> <span class='ocrx_word' id='word_1_4' title='bbox 2168 135 2250 203; x_wconf 83' lang='grc'>25</span> 
     </span>
    </p>
   </div>
   <div class='ocr_carea' id='block_1_2' title="bbox 253 246 2259 3222">
    <p class='ocr_par' dir='ltr' id='par_1_2' title="bbox 256 246 2258 717">
     <span class='ocr_line' id='line_1_2' title="bbox 324 246 2258 328; baseline -0.006 -20"><span class='ocrx_word' id='word_1_5' title='bbox 324 260 476 328; x_wconf 80' lang='lat' dir='ltr'>Qod</span> <span class='ocrx_word' id='word_1_6' title='bbox 499 259 725 315; x_wconf 82' lang='lat' dir='ltr'>Voluntas</span> <span class='ocrx_word' id='word_1_7' title='bbox 761 255 811 304; x_wconf 80' lang='grc' dir='ltr'>ὅτ</span> <span class='ocrx_word' id='word_1_8' title='bbox 851 253 1109 304; x_wconf 62' lang='lat' dir='ltr'>Intellectus</span> <span class='ocrx_word' id='word_1_9' title='bbox 1149 256 1287 300; x_wconf 77' lang='lat' dir='ltr'>un‘am‘</span> <span class='ocrx_word' id='word_1_10' title='bbox 1324 253 1534 301; x_wconf 81' lang='lat' dir='ltr'>Mentem</span> <span class='ocrx_word' id='word_1_11' title='bbox 1573 250 1864 308; x_wconf 82' lang='lat' dir='ltr'>constituant,</span> <span class='ocrx_word' id='word_1_12' title='bbox 1912 266 1943 298; x_wconf 91' lang='lat' dir='ltr'>n</span> <span class='ocrx_word' id='word_1_13' title='bbox 1969 267 1981 297; x_wconf 74' lang='lat' dir='ltr'><em>z</em></span> <span class='ocrx_word' id='word_1_14' title='bbox 2009 264 2086 311; x_wconf 83' lang='lat'><strong>35.</strong></span> <span class='ocrx_word' id='word_1_15' title='bbox 2114 246 2258 310; x_wconf 86' lang='lat'><strong>3623.</strong></span> 
     </span>
     <span class='ocr_line' id='line_1_3' title="bbox 262 316 2258 391; baseline -0.008 -16"><span class='ocrx_word' id='word_1_16' title='bbox 262 332 614 391; x_wconf 82' lang='grc'><strong>5832.10122-.</strong></span> <span class='ocrx_word' id='word_1_17' title='bbox 682 322 828 386; x_wconf 85' lang='lat' dir='ltr'>Qod</span> <span class='ocrx_word' id='word_1_18' title='bbox 873 321 994 368; x_wconf 83' lang='lat' dir='ltr'>binae</span> <span class='ocrx_word' id='word_1_19' title='bbox 1039 319 1131 366; x_wconf 81' lang='lat' dir='ltr'>illae</span> <span class='ocrx_word' id='word_1_20' title='bbox 1166 317 1396 365; x_wconf 83' lang='lat' dir='ltr'>facultates</span> <span class='ocrx_word' id='word_1_21' title='bbox 1433 321 1542 366; x_wconf 77' lang='lat' dir='ltr'>vita:</span> <span class='ocrx_word' id='word_1_22' title='bbox 1585 334 1730 365; x_wconf 88' lang='lat' dir='ltr'>unum</span> <span class='ocrx_word' id='word_1_23' title='bbox 1774 333 1907 382; x_wconf 88' lang='lat' dir='ltr'>agere</span> <span class='ocrx_word' id='word_1_24' title='bbox 1951 316 2156 372; x_wconf 87' lang='lat' dir='ltr'>debeant,</span> <span class='ocrx_word' id='word_1_25' title='bbox 2204 329 2258 361; x_wconf 88' lang='lat' dir='ltr'>ut</span> 
     </span>
     <span class='ocr_line' id='line_1_4' title="bbox 260 380 2252 449; baseline -0.008 -7"><span class='ocrx_word' id='word_1_26' title='bbox 260 396 403 442; x_wconf 85' lang='lat' dir='ltr'>homo</span> <span class='ocrx_word' id='word_1_27' title='bbox 440 394 492 440; x_wconf 85' lang='lat' dir='ltr'>fit</span> <span class='ocrx_word' id='word_1_28' title='bbox 531 393 687 446; x_wconf 85' lang='lat' dir='ltr'>homo,</span> <span class='ocrx_word' id='word_1_29' title='bbox 722 405 752 436; x_wconf 89' lang='grc'>11</span> <span class='ocrx_word' id='word_1_30' title='bbox 780 385 960 449; x_wconf 66' lang='grc'><strong>13623.</strong></span> <span class='ocrx_word' id='word_1_31' title='bbox 987 387 1133 448; x_wconf 77' lang='grc'><strong>4832.</strong></span> <span class='ocrx_word' id='word_1_32' title='bbox 1162 383 1304 448; x_wconf 88' lang='grc'><strong>5969.</strong></span> <span class='ocrx_word' id='word_1_33' title='bbox 1338 382 1485 447; x_wconf 80' lang='grc'><strong>9300.</strong></span> <span class='ocrx_word' id='word_1_34' title='bbox 1556 385 1715 447; x_wconf 71' lang='lat' dir='ltr'>Quam</span> <span class='ocrx_word' id='word_1_35' title='bbox 1749 382 1981 447; x_wconf 87' lang='lat' dir='ltr'>perversus</span> <span class='ocrx_word' id='word_1_36' title='bbox 2015 381 2150 430; x_wconf 85' lang='lat' dir='ltr'>status</span> <span class='ocrx_word' id='word_1_37' title='bbox 2188 380 2252 428; x_wconf 89' lang='lat' dir='ltr'>est</span> 
     </span>
     <span class='ocr_line' id='line_1_5' title="bbox 260 447 2252 524; baseline -0.007 -17"><span class='ocrx_word' id='word_1_38' title='bbox 260 461 382 524; x_wconf 89' lang='lat' dir='ltr'>apud</span> <span class='ocrx_word' id='word_1_39' title='bbox 421 474 536 523; x_wconf 89' lang='lat' dir='ltr'>quos</span> <span class='ocrx_word' id='word_1_40' title='bbox 572 454 820 514; x_wconf 65' lang='lat' dir='ltr'>intellestus</span> <span class='ocrx_word' id='word_1_41' title='bbox 854 453 904 500; x_wconf 76' lang='grc' dir='ltr'>δε</span> <span class='ocrx_word' id='word_1_42' title='bbox 927 452 1137 499; x_wconf 86' lang='lat' dir='ltr'>voluntas</span> <span class='ocrx_word' id='word_1_43' title='bbox 1170 465 1443 501; x_wconf 85' lang='lat' dir='ltr'>nonunum</span> <span class='ocrx_word' id='word_1_44' title='bbox 1483 462 1643 511; x_wconf 85' lang='lat' dir='ltr'>agunt,</span> <span class='ocrx_word' id='word_1_45' title='bbox 1680 466 1710 495; x_wconf 90' lang='lat' dir='ltr'>n</span> <span class='ocrx_word' id='word_1_46' title='bbox 1733 468 1745 496; x_wconf 89' lang='lat'><strong>:</strong></span> <span class='ocrx_word' id='word_1_47' title='bbox 1770 465 1916 512; x_wconf 85' lang='lat'><strong>9075.</strong></span> <span class='ocrx_word' id='word_1_48' title='bbox 1987 449 2128 509; x_wconf 85' lang='lat' dir='ltr'>Quod</span> <span class='ocrx_word' id='word_1_49' title='bbox 2154 447 2252 495; x_wconf 88' lang='lat' dir='ltr'>talis</span> 
     </span>
     <span class='ocr_line' id='line_1_6' title="bbox 258 513 2248 586; baseline -0.008 -11"><span class='ocrx_word' id='word_1_50' title='bbox 258 528 394 574; x_wconf 88' lang='lat' dir='ltr'>status</span> <span class='ocrx_word' id='word_1_51' title='bbox 436 526 490 573; x_wconf 81' lang='lat' dir='ltr'>fit</span> <span class='ocrx_word' id='word_1_52' title='bbox 525 521 646 586; x_wconf 87' lang='lat' dir='ltr'>apud</span> <span class='ocrx_word' id='word_1_53' title='bbox 692 520 970 585; x_wconf 84' lang='lat' dir='ltr'>hypocritas,</span> <span class='ocrx_word' id='word_1_54' title='bbox 1018 518 1212 573; x_wconf 86' lang='lat' dir='ltr'>dolosos,</span> <span class='ocrx_word' id='word_1_55' title='bbox 1260 517 1539 563; x_wconf 85' lang='lat' dir='ltr'>affentatores</span> <span class='ocrx_word' id='word_1_56' title='bbox 1581 516 1630 563; x_wconf 86' lang='lat'>&amp;</span> <span class='ocrx_word' id='word_1_57' title='bbox 1668 514 1959 571; x_wconf 73' lang='lat' dir='ltr'>simulatores,</span> <span class='ocrx_word' id='word_1_58' title='bbox 2008 533 2036 562; x_wconf 89' lang='lat' dir='ltr'>n</span> <span class='ocrx_word' id='word_1_59' title='bbox 2063 535 2074 565; x_wconf 70' lang='grc' dir='ltr'><strong>ι</strong></span> <span class='ocrx_word' id='word_1_60' title='bbox 2099 513 2248 577; x_wconf 86' lang='grc'><strong>4326.</strong></span> 
     </span>
     <span class='ocr_line' id='line_1_7' title="bbox 261 580 2250 656; baseline -0.003 -23"><span class='ocrx_word' id='word_1_61' title='bbox 261 607 408 656; x_wconf 82' lang='lat'><strong>3573.</strong></span> <span class='ocrx_word' id='word_1_62' title='bbox 432 603 578 654; x_wconf 82' lang='lat'><strong>4799.</strong></span> <span class='ocrx_word' id='word_1_63' title='bbox 617 590 761 649; x_wconf 82' lang='lat'><strong>8250.</strong></span> <span class='ocrx_word' id='word_1_64' title='bbox 831 585 1222 648; x_wconf 81' lang='lat' dir='ltr'>Qodvoluntas</span> <span class='ocrx_word' id='word_1_65' title='bbox 1259 584 1310 630; x_wconf 75' lang='grc' dir='ltr'>δε</span> <span class='ocrx_word' id='word_1_66' title='bbox 1350 582 1598 629; x_wconf 70' lang='lat' dir='ltr'>intelleaefitus</span> <span class='ocrx_word' id='word_1_67' title='bbox 1637 580 1899 643; x_wconf 87' lang='lat' dir='ltr'>redigantur</span> <span class='ocrx_word' id='word_1_68' title='bbox 1937 584 1982 627; x_wconf 88' lang='lat' dir='ltr'>in</span> <span class='ocrx_word' id='word_1_69' title='bbox 2019 597 2164 629; x_wconf 86' lang='lat' dir='ltr'>unum</span> <span class='ocrx_word' id='word_1_70' title='bbox 2203 581 2250 627; x_wconf 85' lang='lat' dir='ltr'>in</span> 
     </span>
     <span class='ocr_line' id='line_1_8' title="bbox 256 647 2027 717; baseline -0.008 -10"><span class='ocrx_word' id='word_1_71' title='bbox 256 661 391 710; x_wconf 81' lang='lat' dir='ltr'>altera</span> <span class='ocrx_word' id='word_1_72' title='bbox 412 659 521 712; x_wconf 70' lang='lat' dir='ltr'>vita,</span> <span class='ocrx_word' id='word_1_73' title='bbox 557 656 606 702; x_wconf 89' lang='lat'>&amp;</span> <span class='ocrx_word' id='word_1_74' title='bbox 628 653 754 717; x_wconf 91' lang='lat' dir='ltr'>quod</span> <span class='ocrx_word' id='word_1_75' title='bbox 780 649 870 699; x_wconf 73' lang='lat' dir='ltr'>non</span> <span class='ocrx_word' id='word_1_76' title='bbox 897 651 1024 698; x_wconf 82' lang='lat' dir='ltr'>liceat</span> <span class='ocrx_word' id='word_1_77' title='bbox 1048 651 1109 697; x_wconf 90' lang='lat' dir='ltr'>ibi</span> <span class='ocrx_word' id='word_1_78' title='bbox 1132 648 1322 697; x_wconf 86' lang='lat' dir='ltr'>divisam</span> <span class='ocrx_word' id='word_1_79' title='bbox 1348 661 1549 696; x_wconf 85' lang='lat' dir='ltr'>mentem</span> <span class='ocrx_word' id='word_1_80' title='bbox 1573 647 1749 703; x_wconf 85' lang='lat' dir='ltr'>habere,</span> <span class='ocrx_word' id='word_1_81' title='bbox 1786 663 1816 693; x_wconf 89' lang='lat' dir='ltr'>n</span> <span class='ocrx_word' id='word_1_82' title='bbox 1842 665 1854 694; x_wconf 92' lang='lat'>:</span> <span class='ocrx_word' id='word_1_83' title='bbox 1882 649 2027 709; x_wconf 82' lang='grc'><strong>8250.</strong></span> 
     </span>
    </p>

    <p class='ocr_par' dir='ltr' id='par_1_3' title="bbox 254 713 2253 1246">
     <span class='ocr_line' id='line_1_9' title="bbox 325 713 2249 787; baseline -0.006 -18"><span class='ocrx_word' id='word_1_84' title='bbox 325 723 471 787; x_wconf 82' lang='lat' dir='ltr'>Qod</span> <span class='ocrx_word' id='word_1_85' title='bbox 505 735 642 768; x_wconf 88' lang='lat' dir='ltr'>omne</span> <span class='ocrx_word' id='word_1_86' title='bbox 677 717 939 767; x_wconf 66' lang='lat' dir='ltr'>Doe&#39;trinale</span> <span class='ocrx_word' id='word_1_87' title='bbox 962 717 1176 765; x_wconf 87' lang='lat' dir='ltr'>Ecclefiae</span> <span class='ocrx_word' id='word_1_88' title='bbox 1213 715 1362 763; x_wconf 89' lang='lat' dir='ltr'>secum</span> <span class='ocrx_word' id='word_1_89' title='bbox 1403 716 1521 762; x_wconf 84' lang='lat' dir='ltr'>ideas</span> <span class='ocrx_word' id='word_1_90' title='bbox 1561 714 1738 770; x_wconf 89' lang='lat' dir='ltr'>habeat,</span> <span class='ocrx_word' id='word_1_91' title='bbox 1774 714 1824 760; x_wconf 75' lang='grc' dir='ltr'>δι</span> <span class='ocrx_word' id='word_1_92' title='bbox 1860 727 1940 776; x_wconf 90' lang='lat' dir='ltr'>per</span> <span class='ocrx_word' id='word_1_93' title='bbox 1974 713 2067 759; x_wconf 89' lang='lat' dir='ltr'>illas</span> <span class='ocrx_word' id='word_1_94' title='bbox 2105 714 2249 774; x_wconf 87' lang='lat' dir='ltr'>perci-</span> 
     </span>
     <span class='ocr_line' id='line_1_10' title="bbox 256 776 2250 856; baseline -0.007 -18"><span class='ocrx_word' id='word_1_95' title='bbox 256 793 405 856; x_wconf 82' lang='lat' dir='ltr'>piatur</span> <span class='ocrx_word' id='word_1_96' title='bbox 426 788 557 852; x_wconf 90' lang='lat' dir='ltr'>quale</span> <span class='ocrx_word' id='word_1_97' title='bbox 578 785 660 843; x_wconf 87' lang='lat' dir='ltr'>est,</span> <span class='ocrx_word' id='word_1_98' title='bbox 697 802 726 832; x_wconf 90' lang='lat' dir='ltr'>n</span> <span class='ocrx_word' id='word_1_99' title='bbox 751 803 763 833; x_wconf 90' lang='lat'>:</span> <span class='ocrx_word' id='word_1_100' title='bbox 789 800 931 849; x_wconf 88' lang='grc'><strong>3310.</strong></span> <span class='ocrx_word' id='word_1_101' title='bbox 1003 784 1151 850; x_wconf 82' lang='lat' dir='ltr'>Qod</span> <span class='ocrx_word' id='word_1_102' title='bbox 1175 782 1421 829; x_wconf 85' lang='lat' dir='ltr'>secundum</span> <span class='ocrx_word' id='word_1_103' title='bbox 1445 782 1541 829; x_wconf 88' lang='lat' dir='ltr'>illas</span> <span class='ocrx_word' id='word_1_104' title='bbox 1564 780 1617 828; x_wconf 85' lang='lat' dir='ltr'>fit</span> <span class='ocrx_word' id='word_1_105' title='bbox 1639 779 1889 827; x_wconf 71' lang='lat' dir='ltr'>intellectus</span> <span class='ocrx_word' id='word_1_106' title='bbox 1912 776 2026 842; x_wconf 88' lang='lat' dir='ltr'>ejus,</span> <span class='ocrx_word' id='word_1_107' title='bbox 2053 780 2101 824; x_wconf 86' lang='lat'>&amp;</span> <span class='ocrx_word' id='word_1_108' title='bbox 2124 779 2250 841; x_wconf 92' lang='lat' dir='ltr'>quod</span> 
     </span>
     <span class='ocr_line' id='line_1_11' title="bbox 254 845 2253 919; baseline -0.008 -13"><span class='ocrx_word' id='word_1_109' title='bbox 254 856 418 919; x_wconf 82' lang='lat' dir='ltr'>absque</span> <span class='ocrx_word' id='word_1_110' title='bbox 441 855 540 902; x_wconf 89' lang='lat' dir='ltr'>idea</span> <span class='ocrx_word' id='word_1_111' title='bbox 562 852 843 900; x_wconf 66' lang='lat' dir='ltr'>intellectuali</span> <span class='ocrx_word' id='word_1_112' title='bbox 874 850 996 915; x_wconf 89' lang='lat' dir='ltr'>apud</span> <span class='ocrx_word' id='word_1_113' title='bbox 1034 850 1268 897; x_wconf 87' lang='lat' dir='ltr'>hominem</span> <span class='ocrx_word' id='word_1_114' title='bbox 1301 865 1394 896; x_wconf 91' lang='lat' dir='ltr'>non</span> <span class='ocrx_word' id='word_1_115' title='bbox 1428 849 1482 896; x_wconf 81' lang='lat' dir='ltr'>fit</span> <span class='ocrx_word' id='word_1_116' title='bbox 1514 847 1593 895; x_wconf 77' lang='lat' dir='ltr'>nisi</span> <span class='ocrx_word' id='word_1_117' title='bbox 1623 863 1764 911; x_wconf 89' lang='lat' dir='ltr'>quam</span> <span class='ocrx_word' id='word_1_118' title='bbox 1787 845 1885 893; x_wconf 91' lang='lat' dir='ltr'>idea</span> <span class='ocrx_word' id='word_1_119' title='bbox 1906 847 2034 893; x_wconf 90' lang='lat' dir='ltr'>vocis</span> <span class='ocrx_word' id='word_1_120' title='bbox 2057 846 2104 892; x_wconf 88' lang='lat'>&amp;</span> <span class='ocrx_word' id='word_1_121' title='bbox 2131 845 2253 891; x_wconf 87' lang='lat' dir='ltr'>nulla</span> 
     </span>
     <span class='ocr_line' id='line_1_12' title="bbox 257 910 2252 984; baseline -0.008 -13"><span class='ocrx_word' id='word_1_122' title='bbox 257 925 338 981; x_wconf 78' lang='lat' dir='ltr'>rei,</span> <span class='ocrx_word' id='word_1_123' title='bbox 373 939 432 969; x_wconf 86' lang='lat' dir='ltr'>n:</span> <span class='ocrx_word' id='word_1_124' title='bbox 463 924 603 984; x_wconf 84' lang='lat'><strong>3825.</strong></span> <span class='ocrx_word' id='word_1_125' title='bbox 674 918 820 984; x_wconf 82' lang='lat' dir='ltr'>Qod</span> <span class='ocrx_word' id='word_1_126' title='bbox 846 918 959 966; x_wconf 89' lang='lat' dir='ltr'>ideae</span> <span class='ocrx_word' id='word_1_127' title='bbox 982 917 1231 965; x_wconf 66' lang='lat' dir='ltr'>intelleEtus</span> <span class='ocrx_word' id='word_1_128' title='bbox 1254 915 1295 962; x_wconf 91' lang='lat' dir='ltr'>se</span> <span class='ocrx_word' id='word_1_129' title='bbox 1318 916 1560 963; x_wconf 84' lang='lat' dir='ltr'>extendant</span> <span class='ocrx_word' id='word_1_130' title='bbox 1595 913 1748 977; x_wconf 86' lang='lat' dir='ltr'>ample</span> <span class='ocrx_word' id='word_1_131' title='bbox 1785 914 1832 959; x_wconf 88' lang='lat' dir='ltr'>in</span> <span class='ocrx_word' id='word_1_132' title='bbox 1868 911 2093 960; x_wconf 86' lang='lat' dir='ltr'>societates</span> <span class='ocrx_word' id='word_1_133' title='bbox 2126 910 2252 973; x_wconf 87' lang='lat' dir='ltr'>spiri·</span> 
     </span>
     <span class='ocr_line' id='line_1_13' title="bbox 257 977 2252 1050; baseline -0.007 -13"><span class='ocrx_word' id='word_1_134' title='bbox 257 1003 389 1038; x_wconf 85' lang='lat' dir='ltr'>tuum</span> <span class='ocrx_word' id='word_1_135' title='bbox 434 990 481 1035; x_wconf 73' lang='grc' dir='ltr'>δε</span> <span class='ocrx_word' id='word_1_136' title='bbox 518 984 781 1050; x_wconf 89' lang='lat' dir='ltr'>angelorum</span> <span class='ocrx_word' id='word_1_137' title='bbox 824 985 1133 1040; x_wconf 86' lang='lat' dir='ltr'>circumcirca,</span> <span class='ocrx_word' id='word_1_138' title='bbox 1182 999 1212 1029; x_wconf 89' lang='lat' dir='ltr'>n</span> <span class='ocrx_word' id='word_1_139' title='bbox 1239 1000 1249 1029; x_wconf 74' lang='grc' dir='ltr'>ε</span> <span class='ocrx_word' id='word_1_140' title='bbox 1278 982 1423 1046; x_wconf 93' lang='grc'><strong>6598.</strong></span> <span class='ocrx_word' id='word_1_141' title='bbox 1468 982 1598 1028; x_wconf 92' lang='grc'><strong>6600</strong></span> <span class='ocrx_word' id='word_1_142' title='bbox 1637 980 1696 1027; x_wconf 87' lang='lat' dir='ltr'>ad</span> <span class='ocrx_word' id='word_1_143' title='bbox 1738 978 1881 1041; x_wconf 86' lang='lat'><strong>6605.</strong></span> <span class='ocrx_word' id='word_1_144' title='bbox 1919 978 2064 1043; x_wconf 75' lang='lat'><strong>6609.</strong></span> <span class='ocrx_word' id='word_1_145' title='bbox 2106 977 2252 1038; x_wconf 88' lang='lat'>6613.</span> 
     </span>
     <span class='ocr_line' id='line_1_14' title="bbox 257 1042 2251 1118; baseline -0.006 -17"><span class='ocrx_word' id='word_1_146' title='bbox 257 1054 401 1118; x_wconf 80' lang='lat' dir='ltr'>Qod</span> <span class='ocrx_word' id='word_1_147' title='bbox 415 1054 543 1100; x_wconf 74' lang='lat' dir='ltr'>ideae</span> <span class='ocrx_word' id='word_1_148' title='bbox 563 1052 814 1099; x_wconf 64' lang='lat' dir='ltr'>intellectus</span> <span class='ocrx_word' id='word_1_149' title='bbox 838 1052 1033 1098; x_wconf 87' lang='lat' dir='ltr'>hominis</span> <span class='ocrx_word' id='word_1_150' title='bbox 1056 1051 1309 1114; x_wconf 89' lang='lat' dir='ltr'>aperiantur</span> <span class='ocrx_word' id='word_1_151' title='bbox 1332 1051 1377 1095; x_wconf 90' lang='lat' dir='ltr'>in</span> <span class='ocrx_word' id='word_1_152' title='bbox 1403 1049 1536 1096; x_wconf 85' lang='lat' dir='ltr'>altera</span> <span class='ocrx_word' id='word_1_153' title='bbox 1557 1049 1667 1103; x_wconf 80' lang='lat' dir='ltr'>vita,</span> <span class='ocrx_word' id='word_1_154' title='bbox 1702 1047 1753 1094; x_wconf 77' lang='grc' dir='ltr'>δε</span> <span class='ocrx_word' id='word_1_155' title='bbox 1776 1046 1832 1093; x_wconf 89' lang='lat' dir='ltr'>ad</span> <span class='ocrx_word' id='word_1_156' title='bbox 1858 1046 2022 1093; x_wconf 88' lang='lat' dir='ltr'>vivum</span> <span class='ocrx_word' id='word_1_157' title='bbox 2045 1042 2251 1092; x_wconf 72' lang='lat' dir='ltr'>sistantur</span> 
     </span>
     <span class='ocr_line' id='line_1_15' title="bbox 254 1110 2252 1231; baseline -0.004 -63"><span class='ocrx_word' id='word_1_158' title='bbox 254 1119 467 1168; x_wconf 77' lang='lat' dir='ltr'>videndae</span> <span class='ocrx_word' id='word_1_159' title='bbox 491 1118 643 1231; x_wconf 53' lang='lat' dir='ltr'>quales</span> <span class='ocrx_word' id='word_1_160' title='bbox 666 1117 782 1173; x_wconf 90' lang='lat' dir='ltr'>sunt,</span> <span class='ocrx_word' id='word_1_161' title='bbox 819 1134 882 1165; x_wconf 92' lang='lat' dir='ltr'>n:</span> <span class='ocrx_word' id='word_1_162' title='bbox 914 1118 1054 1182; x_wconf 87' lang='lat'>1869.</span> <span class='ocrx_word' id='word_1_163' title='bbox 1082 1130 1225 1180; x_wconf 83' lang='lat'><strong>3310.</strong></span> <span class='ocrx_word' id='word_1_164' title='bbox 1250 1130 1396 1178; x_wconf 83' lang='lat'>5510·</span> <span class='ocrx_word' id='word_1_165' title='bbox 1465 1115 1640 1180; x_wconf 70' lang='lat' dir='ltr'>Quales</span> <span class='ocrx_word' id='word_1_166' title='bbox 1662 1112 1950 1177; x_wconf 85' lang='lat' dir='ltr'>quorundam</span> <span class='ocrx_word' id='word_1_167' title='bbox 1980 1110 2096 1162; x_wconf 75' lang='lat' dir='ltr'>ideoe</span> <span class='ocrx_word' id='word_1_168' title='bbox 2117 1126 2252 1176; x_wconf 67' lang='lat' dir='ltr'>appa·</span> 
     </span>
     <span class='ocr_line' id='line_1_16' title="bbox 255 1186 812 1246; baseline -0.009 -12"><span class='ocrx_word' id='word_1_169' title='bbox 255 1200 372 1243; x_wconf 86' lang='lat' dir='ltr'>rent,</span> <span class='ocrx_word' id='word_1_170' title='bbox 406 1202 467 1233; x_wconf 92' lang='lat' dir='ltr'>n:</span> <span class='ocrx_word' id='word_1_171' title='bbox 530 1201 639 1234; x_wconf 91' lang='grc'><strong>201.</strong></span> <span class='ocrx_word' id='word_1_172' title='bbox 668 1186 812 1246; x_wconf 86' lang='grc'><strong>8885.</strong></span> 
     </span>
    </p>

    <p class='ocr_par' dir='ltr' id='par_1_4' title="bbox 253 1243 2253 2306">
     <span class='ocr_line' id='line_1_17' title="bbox 321 1243 2252 1315; baseline -0.005 -15"><span class='ocrx_word' id='word_1_173' title='bbox 321 1252 465 1315; x_wconf 85' lang='lat' dir='ltr'>Qod</span> <span class='ocrx_word' id='word_1_174' title='bbox 497 1251 646 1299; x_wconf 87' lang='lat' dir='ltr'>omnis</span> <span class='ocrx_word' id='word_1_175' title='bbox 669 1251 878 1298; x_wconf 89' lang='lat' dir='ltr'>voluntas</span> <span class='ocrx_word' id='word_1_176' title='bbox 910 1250 1019 1297; x_wconf 89' lang='lat' dir='ltr'>boni</span> <span class='ocrx_word' id='word_1_177' title='bbox 1054 1249 1104 1298; x_wconf 88' lang='lat'>&amp;</span> <span class='ocrx_word' id='word_1_178' title='bbox 1138 1248 1388 1297; x_wconf 64' lang='lat' dir='ltr'>intelledlus</span> <span class='ocrx_word' id='word_1_179' title='bbox 1411 1247 1505 1295; x_wconf 87' lang='lat' dir='ltr'>veri</span> <span class='ocrx_word' id='word_1_180' title='bbox 1535 1248 1590 1296; x_wconf 91' lang='lat' dir='ltr'>s1t</span> <span class='ocrx_word' id='word_1_181' title='bbox 1612 1264 1636 1295; x_wconf 87' lang='lat' dir='ltr'>a</span> <span class='ocrx_word' id='word_1_182' title='bbox 1662 1246 1884 1303; x_wconf 84' lang='lat' dir='ltr'>DominO,</span> <span class='ocrx_word' id='word_1_183' title='bbox 1921 1260 2012 1293; x_wconf 88' lang='lat' dir='ltr'>non</span> <span class='ocrx_word' id='word_1_184' title='bbox 2037 1247 2097 1293; x_wconf 91' lang='lat' dir='ltr'>ita</span> <span class='ocrx_word' id='word_1_185' title='bbox 2120 1243 2252 1291; x_wconf 84' lang='lat' dir='ltr'>intel·</span> 
     </span>
     <span class='ocr_line' id='line_1_18' title="bbox 255 1313 2248 1380; baseline -0.005 -13"><span class='ocrx_word' id='word_1_186' title='bbox 255 1320 395 1367; x_wconf 65' lang='lat' dir='ltr'>leftus</span> <span class='ocrx_word' id='word_1_187' title='bbox 416 1318 509 1364; x_wconf 90' lang='lat' dir='ltr'>veri</span> <span class='ocrx_word' id='word_1_188' title='bbox 538 1316 758 1380; x_wconf 87' lang='lat' dir='ltr'>separatus</span> <span class='ocrx_word' id='word_1_189' title='bbox 796 1333 821 1364; x_wconf 90' lang='lat' dir='ltr'>a</span> <span class='ocrx_word' id='word_1_190' title='bbox 851 1317 1082 1364; x_wconf 89' lang='lat' dir='ltr'>voluntate</span> <span class='ocrx_word' id='word_1_191' title='bbox 1118 1316 1245 1372; x_wconf 84' lang='lat' dir='ltr'>boni,</span> <span class='ocrx_word' id='word_1_192' title='bbox 1280 1332 1347 1362; x_wconf 89' lang='lat' dir='ltr'>n:</span> <span class='ocrx_word' id='word_1_193' title='bbox 1380 1317 1519 1377; x_wconf 87' lang='lat'>1831.</span> <span class='ocrx_word' id='word_1_194' title='bbox 1565 1331 1708 1378; x_wconf 86' lang='lat'>3514·</span> <span class='ocrx_word' id='word_1_195' title='bbox 1744 1317 1890 1378; x_wconf 85' lang='lat'><strong>5483.</strong></span> <span class='ocrx_word' id='word_1_196' title='bbox 1927 1315 2068 1375; x_wconf 85' lang='lat'><strong>5649.</strong></span> <span class='ocrx_word' id='word_1_197' title='bbox 2103 1313 2248 1372; x_wconf 86' lang='lat'><strong>6027.</strong></span> 
     </span>
     <span class='ocr_line' id='line_1_19' title="bbox 257 1378 2248 1447; baseline -0.004 -15"><span class='ocrx_word' id='word_1_198' title='bbox 257 1385 401 1446; x_wconf 89' lang='lat'><em>8685.</em></span> <span class='ocrx_word' id='word_1_199' title='bbox 430 1386 572 1447; x_wconf 90' lang='lat'><em>8701.</em></span> <span class='ocrx_word' id='word_1_200' title='bbox 600 1398 771 1447; x_wconf 85' lang='lat'>10153·</span> <span class='ocrx_word' id='word_1_201' title='bbox 826 1384 969 1443; x_wconf 82' lang='lat' dir='ltr'>Quod</span> <span class='ocrx_word' id='word_1_202' title='bbox 993 1383 1249 1431; x_wconf 67' lang='lat' dir='ltr'>Intelleftus</span> <span class='ocrx_word' id='word_1_203' title='bbox 1272 1381 1325 1429; x_wconf 90' lang='lat' dir='ltr'>s1t</span> <span class='ocrx_word' id='word_1_204' title='bbox 1347 1382 1428 1446; x_wconf 87' lang='lat' dir='ltr'>qui</span> <span class='ocrx_word' id='word_1_205' title='bbox 1450 1380 1691 1429; x_wconf 89' lang='lat' dir='ltr'>illustratur</span> <span class='ocrx_word' id='word_1_206' title='bbox 1718 1397 1744 1428; x_wconf 90' lang='lat' dir='ltr'>a</span> <span class='ocrx_word' id='word_1_207' title='bbox 1766 1380 1991 1436; x_wconf 87' lang='lat' dir='ltr'>Domino,</span> <span class='ocrx_word' id='word_1_208' title='bbox 2026 1396 2056 1425; x_wconf 91' lang='lat' dir='ltr'>n</span> <span class='ocrx_word' id='word_1_209' title='bbox 2074 1396 2087 1426; x_wconf 90' lang='lat'>:</span> <span class='ocrx_word' id='word_1_210' title='bbox 2105 1378 2248 1437; x_wconf 87' lang='grc'><strong>6222.</strong></span> 
     </span>
     <span class='ocr_line' id='line_1_20' title="bbox 255 1444 2251 1512; baseline -0.005 -12"><span class='ocrx_word' id='word_1_211' title='bbox 255 1451 400 1500; x_wconf 87' lang='lat'><strong>6608.</strong></span> <span class='ocrx_word' id='word_1_212' title='bbox 422 1449 595 1512; x_wconf 83' lang='lat'><strong>10659.</strong></span> <span class='ocrx_word' id='word_1_213' title='bbox 662 1449 812 1512; x_wconf 83' lang='lat' dir='ltr'>Qod</span> <span class='ocrx_word' id='word_1_214' title='bbox 854 1449 954 1500; x_wconf 84' lang='lat' dir='ltr'>illis.</span> <span class='ocrx_word' id='word_1_215' title='bbox 991 1451 1072 1512; x_wconf 90' lang='lat' dir='ltr'>qui</span> <span class='ocrx_word' id='word_1_216' title='bbox 1113 1448 1404 1503; x_wconf 87' lang='lat' dir='ltr'>illustrantur,</span> <span class='ocrx_word' id='word_1_217' title='bbox 1438 1448 1516 1495; x_wconf 89' lang='lat' dir='ltr'>det</span> <span class='ocrx_word' id='word_1_218' title='bbox 1551 1449 1784 1495; x_wconf 88' lang='lat' dir='ltr'>Dominus</span> <span class='ocrx_word' id='word_1_219' title='bbox 1822 1447 1977 1494; x_wconf 84' lang='lat' dir='ltr'>videre</span> <span class='ocrx_word' id='word_1_220' title='bbox 2010 1447 2060 1493; x_wconf 85' lang='lat'>&amp;</span> <span class='ocrx_word' id='word_1_221' title='bbox 2090 1444 2251 1491; x_wconf 87' lang='lat' dir='ltr'>intelli-</span> 
     </span>
     <span class='ocr_line' id='line_1_21' title="bbox 257 1510 2252 1578; baseline -0.004 -16"><span class='ocrx_word' id='word_1_222' title='bbox 257 1531 363 1578; x_wconf 86' lang='lat' dir='ltr'>gere</span> <span class='ocrx_word' id='word_1_223' title='bbox 385 1529 563 1568; x_wconf 87' lang='lat' dir='ltr'>verum,</span> <span class='ocrx_word' id='word_1_224' title='bbox 598 1528 628 1557; x_wconf 88' lang='lat' dir='ltr'>n</span> <span class='ocrx_word' id='word_1_225' title='bbox 652 1530 663 1558; x_wconf 72' lang='grc' dir='ltr'>ε</span> <span class='ocrx_word' id='word_1_226' title='bbox 690 1517 838 1574; x_wconf 88' lang='grc'><strong>9382.</strong></span> <span class='ocrx_word' id='word_1_227' title='bbox 870 1514 1040 1575; x_wconf 90' lang='grc'><strong>10659.</strong></span> <span class='ocrx_word' id='word_1_228' title='bbox 1112 1513 1259 1573; x_wconf 80' lang='lat' dir='ltr'>Qod</span> <span class='ocrx_word' id='word_1_229' title='bbox 1298 1512 1532 1557; x_wconf 88' lang='lat' dir='ltr'>illustratio</span> <span class='ocrx_word' id='word_1_230' title='bbox 1570 1513 1818 1557; x_wconf 67' lang='lat' dir='ltr'>intelleEtus</span> <span class='ocrx_word' id='word_1_231' title='bbox 1857 1512 1912 1557; x_wconf 85' lang='lat' dir='ltr'>fit</span> <span class='ocrx_word' id='word_1_232' title='bbox 1947 1512 2068 1557; x_wconf 90' lang='lat' dir='ltr'>varia</span> <span class='ocrx_word' id='word_1_233' title='bbox 2102 1510 2252 1557; x_wconf 86' lang='lat' dir='ltr'>secun-</span> 
     </span>
     <span class='ocr_line' id='line_1_22' title="bbox 255 1574 2249 1638; baseline -0.003 -11"><span class='ocrx_word' id='word_1_234' title='bbox 255 1582 369 1627; x_wconf 85' lang='lat' dir='ltr'>dum</span> <span class='ocrx_word' id='word_1_235' title='bbox 395 1579 530 1624; x_wconf 87' lang='lat' dir='ltr'>status</span> <span class='ocrx_word' id='word_1_236' title='bbox 552 1578 662 1621; x_wconf 84' lang='lat' dir='ltr'>vitae</span> <span class='ocrx_word' id='word_1_237' title='bbox 685 1577 899 1630; x_wconf 87' lang='lat' dir='ltr'>hominis,</span> <span class='ocrx_word' id='word_1_238' title='bbox 934 1593 965 1620; x_wconf 92' lang='lat' dir='ltr'>n</span> <span class='ocrx_word' id='word_1_239' title='bbox 987 1595 998 1621; x_wconf 71' lang='grc' dir='ltr'>ε</span> <span class='ocrx_word' id='word_1_240' title='bbox 1019 1590 1164 1636; x_wconf 87' lang='grc'><strong>5221.</strong></span> <span class='ocrx_word' id='word_1_241' title='bbox 1191 1590 1336 1635; x_wconf 88' lang='grc'><strong>7012.</strong></span> <span class='ocrx_word' id='word_1_242' title='bbox 1357 1589 1416 1635; x_wconf 86' lang='lat'>72</span> <span class='ocrx_word' id='word_1_243' title='bbox 1423 1591 1501 1637; x_wconf 88' lang='grc'>33.</span> <span class='ocrx_word' id='word_1_244' title='bbox 1539 1575 1687 1638; x_wconf 83' lang='lat' dir='ltr'>Qod</span> <span class='ocrx_word' id='word_1_245' title='bbox 1707 1575 1965 1623; x_wconf 72' lang='lat' dir='ltr'>lnteueetus</span> <span class='ocrx_word' id='word_1_246' title='bbox 1989 1574 2249 1630; x_wconf 88' lang='lat' dir='ltr'>illustretur,</span> 
     </span>
     <span class='ocr_line' id='line_1_23' title="bbox 254 1638 2252 1707; baseline -0.002 -18"><span class='ocrx_word' id='word_1_247' title='bbox 254 1653 479 1707; x_wconf 88' lang='lat' dir='ltr'>quantum</span> <span class='ocrx_word' id='word_1_248' title='bbox 513 1639 654 1686; x_wconf 91' lang='lat' dir='ltr'>homo</span> <span class='ocrx_word' id='word_1_249' title='bbox 686 1640 846 1702; x_wconf 87' lang='lat' dir='ltr'>recipit</span> <span class='ocrx_word' id='word_1_250' title='bbox 867 1653 1030 1685; x_wconf 86' lang='lat' dir='ltr'>verum</span> <span class='ocrx_word' id='word_1_251' title='bbox 1053 1638 1303 1693; x_wconf 89' lang='lat' dir='ltr'>voluntate,</span> <span class='ocrx_word' id='word_1_252' title='bbox 1341 1638 1427 1684; x_wconf 87' lang='lat' dir='ltr'>hoc</span> <span class='ocrx_word' id='word_1_253' title='bbox 1449 1639 1528 1695; x_wconf 90' lang='lat' dir='ltr'>est,</span> <span class='ocrx_word' id='word_1_254' title='bbox 1563 1652 1787 1701; x_wconf 87' lang='lat' dir='ltr'>quantum</span> <span class='ocrx_word' id='word_1_255' title='bbox 1811 1641 1913 1687; x_wconf 85' lang='lat' dir='ltr'>vult</span> <span class='ocrx_word' id='word_1_256' title='bbox 1934 1638 2078 1688; x_wconf 88' lang='lat' dir='ltr'>facere</span> <span class='ocrx_word' id='word_1_257' title='bbox 2099 1640 2252 1687; x_wconf 84' lang='lat' dir='ltr'>secun·</span> 
     </span>
     <span class='ocr_line' id='line_1_24' title="bbox 254 1703 2251 1769; baseline -0.002 -13"><span class='ocrx_word' id='word_1_258' title='bbox 254 1709 368 1756; x_wconf 89' lang='lat' dir='ltr'>dum</span> <span class='ocrx_word' id='word_1_259' title='bbox 403 1706 466 1762; x_wconf 90' lang='lat' dir='ltr'>id,</span> <span class='ocrx_word' id='word_1_260' title='bbox 503 1721 532 1752; x_wconf 91' lang='lat' dir='ltr'>n</span> <span class='ocrx_word' id='word_1_261' title='bbox 554 1722 566 1751; x_wconf 75' lang='grc' dir='ltr'>ε</span> <span class='ocrx_word' id='word_1_262' title='bbox 587 1705 730 1769; x_wconf 89' lang='grc'><strong>3619.</strong></span> <span class='ocrx_word' id='word_1_263' title='bbox 802 1704 948 1766; x_wconf 81' lang='lat' dir='ltr'>Quod</span> <span class='ocrx_word' id='word_1_264' title='bbox 983 1703 1166 1751; x_wconf 87' lang='lat' dir='ltr'>illorum</span> <span class='ocrx_word' id='word_1_265' title='bbox 1192 1703 1449 1751; x_wconf 66' lang='lat' dir='ltr'>Intellectus</span> <span class='ocrx_word' id='word_1_266' title='bbox 1473 1704 1731 1762; x_wconf 88' lang='lat' dir='ltr'>illustretur,</span> <span class='ocrx_word' id='word_1_267' title='bbox 1765 1706 1846 1768; x_wconf 91' lang='lat' dir='ltr'>qui</span> <span class='ocrx_word' id='word_1_268' title='bbox 1868 1705 2028 1769; x_wconf 81' lang='lat' dir='ltr'>legunt</span> <span class='ocrx_word' id='word_1_269' title='bbox 2041 1706 2251 1754; x_wconf 87' lang='lat' dir='ltr'>Verbum</span> 
     </span>
     <span class='ocr_line' id='line_1_25' title="bbox 254 1770 2250 1835; baseline -0.002 -12"><span class='ocrx_word' id='word_1_270' title='bbox 254 1791 315 1824; x_wconf 85' lang='lat' dir='ltr'>ex</span> <span class='ocrx_word' id='word_1_271' title='bbox 338 1787 489 1821; x_wconf 88' lang='lat' dir='ltr'>amore</span> <span class='ocrx_word' id='word_1_272' title='bbox 511 1771 680 1819; x_wconf 86' lang='lat' dir='ltr'>veri&amp;</span> <span class='ocrx_word' id='word_1_273' title='bbox 702 1786 758 1818; x_wconf 87' lang='lat' dir='ltr'>ex</span> <span class='ocrx_word' id='word_1_274' title='bbox 785 1786 939 1819; x_wconf 87' lang='lat' dir='ltr'>amore</span> <span class='ocrx_word' id='word_1_275' title='bbox 969 1770 1074 1818; x_wconf 88' lang='lat' dir='ltr'>usus</span> <span class='ocrx_word' id='word_1_276' title='bbox 1095 1770 1224 1827; x_wconf 85' lang='lat' dir='ltr'>vitae‚</span> <span class='ocrx_word' id='word_1_277' title='bbox 1260 1783 1355 1816; x_wconf 86' lang='lat' dir='ltr'>non</span> <span class='ocrx_word' id='word_1_278' title='bbox 1393 1783 1544 1818; x_wconf 90' lang='lat' dir='ltr'>autem</span> <span class='ocrx_word' id='word_1_279' title='bbox 1584 1771 1664 1835; x_wconf 90' lang='lat' dir='ltr'>qui</span> <span class='ocrx_word' id='word_1_280' title='bbox 1701 1787 1756 1819; x_wconf 84' lang='lat' dir='ltr'>ex</span> <span class='ocrx_word' id='word_1_281' title='bbox 1792 1786 1945 1819; x_wconf 87' lang='lat' dir='ltr'>amore</span> <span class='ocrx_word' id='word_1_282' title='bbox 1981 1770 2134 1828; x_wconf 87' lang='lat' dir='ltr'>famae,</span> <span class='ocrx_word' id='word_1_283' title='bbox 2169 1772 2250 1819; x_wconf 87' lang='lat' dir='ltr'>ho·</span> 
     </span>
     <span class='ocr_line' id='line_1_26' title="bbox 254 1837 2253 1902; baseline -0.002 -14"><span class='ocrx_word' id='word_1_284' title='bbox 254 1842 396 1897; x_wconf 86' lang='lat' dir='ltr'>noris,</span> <span class='ocrx_word' id='word_1_285' title='bbox 432 1838 559 1895; x_wconf 86' lang='lat' dir='ltr'>lucri,</span> <span class='ocrx_word' id='word_1_286' title='bbox 595 1853 626 1884; x_wconf 88' lang='lat' dir='ltr'>n</span> <span class='ocrx_word' id='word_1_287' title='bbox 651 1854 663 1885; x_wconf 76' lang='lat' dir='ltr'>t</span> <span class='ocrx_word' id='word_1_288' title='bbox 688 1841 834 1901; x_wconf 84' lang='lat'><strong>9382.</strong></span> <span class='ocrx_word' id='word_1_289' title='bbox 868 1842 1041 1900; x_wconf 84' lang='lat'><strong>10548.</strong></span> <span class='ocrx_word' id='word_1_290' title='bbox 1075 1853 1253 1902; x_wconf 71' lang='lat'><strong>10549.</strong></span> <span class='ocrx_word' id='word_1_291' title='bbox 1281 1854 1455 1900; x_wconf 85' lang='lat'><strong>10550.</strong></span> <span class='ocrx_word' id='word_1_292' title='bbox 1525 1838 1670 1901; x_wconf 83' lang='lat' dir='ltr'>Qod</span> <span class='ocrx_word' id='word_1_293' title='bbox 1697 1837 1937 1886; x_wconf 88' lang='lat' dir='ltr'>Illustratio</span> <span class='ocrx_word' id='word_1_294' title='bbox 1975 1838 2028 1886; x_wconf 79' lang='lat' dir='ltr'>sit</span> <span class='ocrx_word' id='word_1_295' title='bbox 2068 1840 2253 1886; x_wconf 73' lang='lat' dir='ltr'>actualis</span> 
     </span>
     <span class='ocr_line' id='line_1_27' title="bbox 255 1903 2251 1969; baseline -0.002 -14"><span class='ocrx_word' id='word_1_296' title='bbox 255 1907 444 1956; x_wconf 85' lang='lat' dir='ltr'>elevatio</span> <span class='ocrx_word' id='word_1_297' title='bbox 483 1905 646 1952; x_wconf 86' lang='lat' dir='ltr'>mentis</span> <span class='ocrx_word' id='word_1_298' title='bbox 685 1906 731 1951; x_wconf 89' lang='lat' dir='ltr'>in</span> <span class='ocrx_word' id='word_1_299' title='bbox 768 1904 916 1951; x_wconf 88' lang='lat' dir='ltr'>lucem</span> <span class='ocrx_word' id='word_1_300' title='bbox 956 1903 1083 1961; x_wconf 85' lang='lat' dir='ltr'>coeli,</span> <span class='ocrx_word' id='word_1_301' title='bbox 1120 1919 1151 1950; x_wconf 88' lang='lat' dir='ltr'>n</span> <span class='ocrx_word' id='word_1_302' title='bbox 1177 1921 1191 1951; x_wconf 78' lang='lat' dir='ltr'><em>z</em></span> <span class='ocrx_word' id='word_1_303' title='bbox 1222 1919 1410 1968; x_wconf 85' lang='lat'><strong>10330:</strong></span> <span class='ocrx_word' id='word_1_304' title='bbox 1446 1904 1503 1952; x_wconf 85' lang='lat' dir='ltr'>ab</span> <span class='ocrx_word' id='word_1_305' title='bbox 1532 1905 1821 1969; x_wconf 65' lang='lat' dir='ltr'>experientia,</span> <span class='ocrx_word' id='word_1_306' title='bbox 1857 1922 1915 1954; x_wconf 92' lang='lat' dir='ltr'>n:</span> <span class='ocrx_word' id='word_1_307' title='bbox 1942 1905 2079 1969; x_wconf 85' lang='grc'><strong>1526.</strong></span> <span class='ocrx_word' id='word_1_308' title='bbox 2107 1905 2251 1954; x_wconf 88' lang='lat'><strong>6608.</strong></span> 
     </span>
     <span class='ocr_line' id='line_1_28' title="bbox 257 1969 2247 2032; baseline -0.001 -12"><span class='ocrx_word' id='word_1_309' title='bbox 257 1973 403 2032; x_wconf 89' lang='lat' dir='ltr'>Quod</span> <span class='ocrx_word' id='word_1_310' title='bbox 448 1971 691 2018; x_wconf 67' lang='lat' dir='ltr'>{ntelleetui</span> <span class='ocrx_word' id='word_1_311' title='bbox 730 1970 963 2019; x_wconf 87' lang='lat' dir='ltr'>illustratio</span> <span class='ocrx_word' id='word_1_312' title='bbox 1002 1971 1055 2018; x_wconf 84' lang='lat' dir='ltr'>fit</span> <span class='ocrx_word' id='word_1_313' title='bbox 1093 1970 1175 2018; x_wconf 82' lang='lat' dir='ltr'>lux</span> <span class='ocrx_word' id='word_1_314' title='bbox 1211 1986 1238 2018; x_wconf 89' lang='lat' dir='ltr'>e</span> <span class='ocrx_word' id='word_1_315' title='bbox 1274 1971 1416 2027; x_wconf 86' lang='lat' dir='ltr'>coe10,</span> <span class='ocrx_word' id='word_1_316' title='bbox 1467 1971 1578 2026; x_wconf 73' lang='lat' dir='ltr'>sicut</span> <span class='ocrx_word' id='word_1_317' title='bbox 1616 1969 1829 2019; x_wconf 65' lang='lat' dir='ltr'>eit-visui</span> <span class='ocrx_word' id='word_1_318' title='bbox 1867 1971 1948 2019; x_wconf 88' lang='lat' dir='ltr'>lux</span> <span class='ocrx_word' id='word_1_319' title='bbox 1983 1989 2007 2020; x_wconf 94' lang='lat' dir='ltr'>e</span> <span class='ocrx_word' id='word_1_320' title='bbox 2042 1972 2247 2029; x_wconf 84' lang='lat' dir='ltr'>Mundo,</span> 
     </span>
     <span class='ocr_line' id='line_1_29' title="bbox 257 2036 2249 2103; baseline 0.001 -17"><span class='ocrx_word' id='word_1_321' title='bbox 257 2055 319 2086; x_wconf 90' lang='lat' dir='ltr'>n:</span> <span class='ocrx_word' id='word_1_322' title='bbox 353 2054 488 2100; x_wconf 85' lang='lat'><strong>¹524·</strong></span> <span class='ocrx_word' id='word_1_323' title='bbox 516 2052 657 2098; x_wconf 86' lang='lat'><strong>5114.</strong></span> <span class='ocrx_word' id='word_1_324' title='bbox 683 2036 828 2086; x_wconf 86' lang='lat'><strong>6608.</strong></span> <span class='ocrx_word' id='word_1_325' title='bbox 854 2039 1004 2103; x_wconf 87' lang='lat'><em>9128.</em></span> <span class='ocrx_word' id='word_1_326' title='bbox 1071 2037 1218 2102; x_wconf 83' lang='lat' dir='ltr'>Qod</span> <span class='ocrx_word' id='word_1_327' title='bbox 1241 2037 1352 2085; x_wconf 87' lang='lat' dir='ltr'>Lux</span> <span class='ocrx_word' id='word_1_328' title='bbox 1375 2038 1503 2086; x_wconf 79' lang='lat' dir='ltr'>Coel’t</span> <span class='ocrx_word' id='word_1_329' title='bbox 1529 2037 1582 2086; x_wconf 85' lang='lat' dir='ltr'>fit</span> <span class='ocrx_word' id='word_1_330' title='bbox 1604 2038 1833 2087; x_wconf 80' lang='lat' dir='ltr'>Divinum</span> <span class='ocrx_word' id='word_1_331' title='bbox 1857 2040 2052 2099; x_wconf 86' lang='lat' dir='ltr'>Verum,</span> <span class='ocrx_word' id='word_1_332' title='bbox 2093 2054 2119 2086; x_wconf 89' lang='lat' dir='ltr'>a</span> <span class='ocrx_word' id='word_1_333' title='bbox 2150 2054 2249 2102; x_wconf 90' lang='lat' dir='ltr'>quo</span> 
     </span>
     <span class='ocr_line' id='line_1_30' title="bbox 253 2090 2251 2171; baseline 0.001 -20"><span class='ocrx_word' id='word_1_334' title='bbox 253 2106 405 2152; x_wconf 90' lang='lat' dir='ltr'>omnis</span> <span class='ocrx_word' id='word_1_335' title='bbox 442 2102 647 2166; x_wconf 88' lang='lat' dir='ltr'>sapientia</span> <span class='ocrx_word' id='word_1_336' title='bbox 680 2103 731 2150; x_wconf 87' lang='lat'>&amp;</span> <span class='ocrx_word' id='word_1_337' title='bbox 765 2104 1073 2168; x_wconf 85' lang='lat' dir='ltr'>intelligentia,</span> <span class='ocrx_word' id='word_1_338' title='bbox 1109 2120 1139 2151; x_wconf 89' lang='lat' dir='ltr'>n</span> <span class='ocrx_word' id='word_1_339' title='bbox 1166 2122 1177 2152; x_wconf 73' lang='grc' dir='ltr'><strong><em>ε</em></strong></span> <span class='ocrx_word' id='word_1_340' title='bbox 1204 2120 1347 2169; x_wconf 91' lang='grc'><strong>3195.</strong></span> <span class='ocrx_word' id='word_1_341' title='bbox 1386 2090 1529 2167; x_wconf 55' lang='grc'><strong>3222.</strong></span> <span class='ocrx_word' id='word_1_342' title='bbox 1553 2120 1712 2168; x_wconf 87' lang='grc'><strong>5400.</strong></span> <span class='ocrx_word' id='word_1_343' title='bbox 1746 2105 1889 2165; x_wconf 88' lang='lat'><strong>8644.</strong></span> <span class='ocrx_word' id='word_1_344' title='bbox 1927 2122 2071 2171; x_wconf 87' lang='lat'><strong>9399.</strong></span> <span class='ocrx_word' id='word_1_345' title='bbox 2104 2108 2251 2170; x_wconf 87' lang='lat'><strong>9548.</strong></span> 
     </span>
     <span class='ocr_line' id='line_1_31' title="bbox 256 2168 2246 2236; baseline 0.001 -19"><span class='ocrx_word' id='word_1_346' title='bbox 256 2170 401 2236; x_wconf 85' lang='lat'><strong>9684.</strong></span> <span class='ocrx_word' id='word_1_347' title='bbox 470 2168 896 2229; x_wconf 70' lang='grc' dir='ltr'><strong>Ωυοά11116116ξὶ113</strong></span> <span class='ocrx_word' id='word_1_348' title='bbox 931 2172 1128 2219; x_wconf 87' lang='lat' dir='ltr'>hominis</span> <span class='ocrx_word' id='word_1_349' title='bbox 1167 2170 1222 2219; x_wconf 87' lang='lat' dir='ltr'>fit</span> <span class='ocrx_word' id='word_1_350' title='bbox 1258 2172 1341 2235; x_wconf 90' lang='lat' dir='ltr'>qui</span> <span class='ocrx_word' id='word_1_351' title='bbox 1379 2171 1711 2221; x_wconf 69' lang='lat' dir='ltr'>illustratur-‘ab</span> <span class='ocrx_word' id='word_1_352' title='bbox 1743 2171 1820 2221; x_wconf 86' lang='lat' dir='ltr'>illa</span> <span class='ocrx_word' id='word_1_353' title='bbox 1854 2174 1970 2230; x_wconf 87' lang='lat' dir='ltr'>luce,</span> <span class='ocrx_word' id='word_1_354' title='bbox 2007 2190 2038 2220; x_wconf 90' lang='grc'>11</span> <span class='ocrx_word' id='word_1_355' title='bbox 2064 2190 2075 2221; x_wconf 87' lang='lat'>:</span> <span class='ocrx_word' id='word_1_356' title='bbox 2106 2188 2246 2236; x_wconf 82' lang='lat'><strong>1524.</strong></span> 
     </span>
     <span class='ocr_line' id='line_1_32' title="bbox 258 2236 1614 2306; baseline 0.004 -24"><span class='ocrx_word' id='word_1_357' title='bbox 258 2239 402 2299; x_wconf 87' lang='grc'><strong>3138.</strong></span> <span class='ocrx_word' id='word_1_358' title='bbox 430 2237 570 2299; x_wconf 89' lang='grc'><strong>3167.</strong></span> <span class='ocrx_word' id='word_1_359' title='bbox 595 2237 743 2296; x_wconf 86' lang='grc'><strong>4408.</strong></span> <span class='ocrx_word' id='word_1_360' title='bbox 770 2236 912 2285; x_wconf 89' lang='grc'><strong>6608.</strong></span> <span class='ocrx_word' id='word_1_361' title='bbox 941 2241 1082 2303; x_wconf 82' lang='grc'><strong>8707.</strong></span> <span class='ocrx_word' id='word_1_362' title='bbox 1103 2237 1250 2303; x_wconf 87' lang='grc'><strong>9126.</strong></span> <span class='ocrx_word' id='word_1_363' title='bbox 1272 2256 1418 2304; x_wconf 90' lang='grc'><strong>9399.</strong></span> <span class='ocrx_word' id='word_1_364' title='bbox 1442 2239 1614 2306; x_wconf 90' lang='grc'><strong>10569.</strong></span> 
     </span>
    </p>

    <p class='ocr_par' dir='ltr' id='par_1_5' title="bbox 254 2301 2252 3154">
     <span class='ocr_line' id='line_1_33' title="bbox 323 2301 2248 2371; baseline 0.003 -26"><span class='ocrx_word' id='word_1_365' title='bbox 323 2301 470 2360; x_wconf 88' lang='lat' dir='ltr'>Quod</span> <span class='ocrx_word' id='word_1_366' title='bbox 493 2301 748 2347; x_wconf 70' lang='lat' dir='ltr'>Intellectus</span> <span class='ocrx_word' id='word_1_367' title='bbox 764 2303 864 2350; x_wconf 89' lang='lat' dir='ltr'>talis</span> <span class='ocrx_word' id='word_1_368' title='bbox 887 2303 973 2360; x_wconf 59' lang='lat' dir='ltr'>fit.</span> <span class='ocrx_word' id='word_1_369' title='bbox 992 2304 1142 2370; x_wconf 77' lang='lat' dir='ltr'>qualia</span> <span class='ocrx_word' id='word_1_370' title='bbox 1165 2304 1266 2352; x_wconf 90' lang='lat' dir='ltr'>sunt</span> <span class='ocrx_word' id='word_1_371' title='bbox 1288 2320 1394 2358; x_wconf 86' lang='lat' dir='ltr'>vera</span> <span class='ocrx_word' id='word_1_372' title='bbox 1406 2321 1473 2354; x_wconf 81' lang='lat' dir='ltr'>ex</span> <span class='ocrx_word' id='word_1_373' title='bbox 1496 2307 1637 2364; x_wconf 69' lang='lat' dir='ltr'>bono‘,</span> <span class='ocrx_word' id='word_1_374' title='bbox 1659 2322 1718 2354; x_wconf 84' lang='lat' dir='ltr'>ex</span> <span class='ocrx_word' id='word_1_375' title='bbox 1739 2305 1905 2371; x_wconf 84' lang='lat' dir='ltr'>quibus</span> <span class='ocrx_word' id='word_1_376' title='bbox 1927 2302 2148 2354; x_wconf 88' lang='lat' dir='ltr'>formatus</span> <span class='ocrx_word' id='word_1_377' title='bbox 2166 2303 2248 2361; x_wconf 88' lang='lat' dir='ltr'>est,</span> 
     </span>
     <span class='ocr_line' id='line_1_34' title="bbox 256 2365 2252 2434; baseline 0.002 -22"><span class='ocrx_word' id='word_1_378' title='bbox 256 2383 287 2414; x_wconf 90' lang='lat' dir='ltr'>n</span> <span class='ocrx_word' id='word_1_379' title='bbox 314 2383 326 2412; x_wconf 73' lang='grc' dir='ltr'><strong>ε</strong></span> <span class='ocrx_word' id='word_1_380' title='bbox 357 2366 530 2423; x_wconf 91' lang='grc'><strong>10064.</strong></span> <span class='ocrx_word' id='word_1_381' title='bbox 599 2365 746 2423; x_wconf 90' lang='lat' dir='ltr'>Quod</span> <span class='ocrx_word' id='word_1_382' title='bbox 774 2367 1023 2414; x_wconf 69' lang='lat' dir='ltr'>lntellectus</span> <span class='ocrx_word' id='word_1_383' title='bbox 1046 2371 1100 2416; x_wconf 85' lang='lat' dir='ltr'>fit</span> <span class='ocrx_word' id='word_1_384' title='bbox 1120 2372 1200 2431; x_wconf 90' lang='lat' dir='ltr'>qui</span> <span class='ocrx_word' id='word_1_385' title='bbox 1223 2386 1249 2416; x_wconf 91' lang='lat' dir='ltr'>a</span> <span class='ocrx_word' id='word_1_386' title='bbox 1271 2372 1387 2421; x_wconf 87' lang='lat' dir='ltr'>veris</span> <span class='ocrx_word' id='word_1_387' title='bbox 1407 2376 1515 2434; x_wconf 81' lang='lat' dir='ltr'>&#39;quae</span> <span class='ocrx_word' id='word_1_388' title='bbox 1537 2388 1593 2419; x_wconf 89' lang='lat' dir='ltr'>ex</span> <span class='ocrx_word' id='word_1_389' title='bbox 1617 2374 1756 2429; x_wconf 90' lang='lat' dir='ltr'>bono,</span> <span class='ocrx_word' id='word_1_390' title='bbox 1792 2389 1884 2421; x_wconf 90' lang='lat' dir='ltr'>non</span> <span class='ocrx_word' id='word_1_391' title='bbox 1922 2385 2074 2420; x_wconf 89' lang='lat' dir='ltr'>autem</span> <span class='ocrx_word' id='word_1_392' title='bbox 2111 2373 2190 2434; x_wconf 92' lang='lat' dir='ltr'>qui</span> <span class='ocrx_word' id='word_1_393' title='bbox 2225 2387 2252 2417; x_wconf 86' lang='lat' dir='ltr'>a</span> 
     </span>
     <span class='ocr_line' id='line_1_35' title="bbox 254 2428 2250 2498; baseline 0.002 -18"><span class='ocrx_word' id='word_1_394' title='bbox 254 2431 372 2480; x_wconf 74' lang='lat' dir='ltr'>falsis</span> <span class='ocrx_word' id='word_1_395' title='bbox 406 2447 513 2494; x_wconf 87' lang='lat' dir='ltr'>quae</span> <span class='ocrx_word' id='word_1_396' title='bbox 550 2445 605 2477; x_wconf 90' lang='lat' dir='ltr'>ex</span> <span class='ocrx_word' id='word_1_397' title='bbox 643 2428 782 2485; x_wconf 88' lang='lat' dir='ltr'>malo,</span> <span class='ocrx_word' id='word_1_398' title='bbox 817 2447 885 2478; x_wconf 88' lang='lat' dir='ltr'>n:</span> <span class='ocrx_word' id='word_1_399' title='bbox 917 2434 1087 2494; x_wconf 83' lang='lat'><strong>10675.</strong></span> <span class='ocrx_word' id='word_1_400' title='bbox 1158 2434 1308 2489; x_wconf 85' lang='lat' dir='ltr'>Quod</span> <span class='ocrx_word' id='word_1_401' title='bbox 1343 2437 1599 2483; x_wconf 65' lang='lat' dir='ltr'>Intellectus</span> <span class='ocrx_word' id='word_1_402' title='bbox 1637 2438 1691 2485; x_wconf 77' lang='lat' dir='ltr'>sit</span> <span class='ocrx_word' id='word_1_403' title='bbox 1725 2440 1880 2485; x_wconf 87' lang='lat' dir='ltr'>videre</span> <span class='ocrx_word' id='word_1_404' title='bbox 1918 2453 1977 2490; x_wconf 74' lang='lat' dir='ltr'>ex</span> <span class='ocrx_word' id='word_1_405' title='bbox 2015 2437 2103 2483; x_wconf 90' lang='lat' dir='ltr'>illis</span> <span class='ocrx_word' id='word_1_406' title='bbox 2142 2452 2250 2498; x_wconf 84' lang='lat' dir='ltr'>quae</span> 
     </span>
     <span class='ocr_line' id='line_1_36' title="bbox 256 2495 2251 2565; baseline 0.003 -20"><span class='ocrx_word' id='word_1_407' title='bbox 256 2498 540 2562; x_wconf 80' lang='lat' dir='ltr'>experientiae</span> <span class='ocrx_word' id='word_1_408' title='bbox 578 2496 629 2543; x_wconf 76' lang='grc' dir='ltr'>δε</span> <span class='ocrx_word' id='word_1_409' title='bbox 669 2495 864 2544; x_wconf 86' lang='lat' dir='ltr'>scientiae</span> <span class='ocrx_word' id='word_1_410' title='bbox 899 2496 1018 2564; x_wconf 61' lang='lat' dir='ltr'>sunt,&gt;</span> <span class='ocrx_word' id='word_1_411' title='bbox 1052 2498 1185 2553; x_wconf 86' lang='lat' dir='ltr'>Vera,</span> <span class='ocrx_word' id='word_1_412' title='bbox 1220 2498 1383 2546; x_wconf 88' lang='lat' dir='ltr'>Causas</span> <span class='ocrx_word' id='word_1_413' title='bbox 1418 2515 1584 2557; x_wconf 88' lang='lat' dir='ltr'>rerum,</span> <span class='ocrx_word' id='word_1_414' title='bbox 1618 2502 1799 2558; x_wconf 80' lang='lat' dir='ltr'>Nexus,</span> <span class='ocrx_word' id='word_1_415' title='bbox 1833 2504 1884 2549; x_wconf 76' lang='grc' dir='ltr'>ὅτ,</span> <span class='ocrx_word' id='word_1_416' title='bbox 1920 2501 2251 2565; x_wconf 88' lang='lat' dir='ltr'>Consequentia</span> 
     </span>
     <span class='ocr_line' id='line_1_37' title="bbox 257 2562 2250 2631; baseline 0.003 -21"><span class='ocrx_word' id='word_1_417' title='bbox 257 2566 305 2611; x_wconf 89' lang='lat' dir='ltr'>in</span> <span class='ocrx_word' id='word_1_418' title='bbox 344 2564 462 2621; x_wconf 81' lang='lat' dir='ltr'>serie,</span> <span class='ocrx_word' id='word_1_419' title='bbox 499 2581 528 2611; x_wconf 90' lang='lat' dir='ltr'>n</span> <span class='ocrx_word' id='word_1_420' title='bbox 554 2582 566 2611; x_wconf 88' lang='lat'>:</span> <span class='ocrx_word' id='word_1_421' title='bbox 592 2562 738 2625; x_wconf 86' lang='lat'><strong>6125.</strong></span> <span class='ocrx_word' id='word_1_422' title='bbox 808 2563 953 2626; x_wconf 83' lang='lat' dir='ltr'>Qod</span> <span class='ocrx_word' id='word_1_423' title='bbox 977 2564 1232 2611; x_wconf 64' lang='lat' dir='ltr'>Intellectus</span> <span class='ocrx_word' id='word_1_424' title='bbox 1257 2564 1310 2612; x_wconf 91' lang='lat' dir='ltr'>s1t</span> <span class='ocrx_word' id='word_1_425' title='bbox 1331 2565 1484 2613; x_wconf 87' lang='lat' dir='ltr'>videre</span> <span class='ocrx_word' id='word_1_426' title='bbox 1508 2568 1557 2614; x_wconf 71' lang='grc' dir='ltr'>δε</span> <span class='ocrx_word' id='word_1_427' title='bbox 1580 2567 1807 2631; x_wconf 84' lang='lat' dir='ltr'>percipere</span> <span class='ocrx_word' id='word_1_428' title='bbox 1845 2584 1957 2616; x_wconf 89' lang='lat' dir='ltr'>num</span> <span class='ocrx_word' id='word_1_429' title='bbox 1982 2568 2156 2616; x_wconf 88' lang='lat' dir='ltr'>Verum</span> <span class='ocrx_word' id='word_1_430' title='bbox 2194 2567 2250 2615; x_wconf 78' lang='lat' dir='ltr'>sit</span> 
     </span>
     <span class='ocr_line' id='line_1_38' title="bbox 257 2628 2246 2700; baseline 0.002 -23"><span class='ocrx_word' id='word_1_431' title='bbox 257 2642 492 2693; x_wconf 83' lang='lat' dir='ltr'>antequam</span> <span class='ocrx_word' id='word_1_432' title='bbox 516 2628 829 2686; x_wconf 86' lang='lat' dir='ltr'>confirmatur,</span> <span class='ocrx_word' id='word_1_433' title='bbox 867 2646 958 2678; x_wconf 91' lang='lat' dir='ltr'>non</span> <span class='ocrx_word' id='word_1_434' title='bbox 998 2644 1151 2678; x_wconf 88' lang='lat' dir='ltr'>autem</span> <span class='ocrx_word' id='word_1_435' title='bbox 1190 2631 1309 2694; x_wconf 82' lang='lat' dir='ltr'>poffe</span> <span class='ocrx_word' id='word_1_436' title='bbox 1345 2633 1610 2680; x_wconf 87' lang='lat' dir='ltr'>confirmare</span> <span class='ocrx_word' id='word_1_437' title='bbox 1647 2633 1973 2698; x_wconf 89' lang='lat' dir='ltr'>quodcunque,</span> <span class='ocrx_word' id='word_1_438' title='bbox 2008 2651 2039 2681; x_wconf 87' lang='lat' dir='ltr'>n</span> <span class='ocrx_word' id='word_1_439' title='bbox 2064 2652 2076 2683; x_wconf 90' lang='lat'>:</span> <span class='ocrx_word' id='word_1_440' title='bbox 2100 2650 2246 2700; x_wconf 83' lang='lat'><strong>4741.</strong></span> 
     </span>
     <span class='ocr_line' id='line_1_39' title="bbox 261 2697 2247 2764; baseline 0.004 -23"><span class='ocrx_word' id='word_1_441' title='bbox 261 2710 404 2760; x_wconf 84' lang='lat'><strong>7012.</strong></span> <span class='ocrx_word' id='word_1_442' title='bbox 432 2697 572 2757; x_wconf 90' lang='grc'><strong>7680.</strong></span> <span class='ocrx_word' id='word_1_443' title='bbox 603 2710 743 2758; x_wconf 86' lang='grc'><strong>7950.</strong></span> <span class='ocrx_word' id='word_1_444' title='bbox 773 2699 915 2757; x_wconf 90' lang='grc'><strong>8521.</strong></span> <span class='ocrx_word' id='word_1_445' title='bbox 944 2699 1087 2759; x_wconf 90' lang='grc'><strong>8780.</strong></span> <span class='ocrx_word' id='word_1_446' title='bbox 1160 2698 1306 2759; x_wconf 82' lang='lat' dir='ltr'>Quod</span> <span class='ocrx_word' id='word_1_447' title='bbox 1343 2698 1424 2745; x_wconf 86' lang='lat' dir='ltr'>lux</span> <span class='ocrx_word' id='word_1_448' title='bbox 1469 2699 1824 2748; x_wconf 87' lang='lat' dir='ltr'>confirmationis</span> <span class='ocrx_word' id='word_1_449' title='bbox 1867 2699 2030 2764; x_wconf 88' lang='lat' dir='ltr'>absque</span> <span class='ocrx_word' id='word_1_450' title='bbox 2075 2702 2247 2764; x_wconf 82' lang='lat' dir='ltr'>praevia</span> 
     </span>
     <span class='ocr_line' id='line_1_40' title="bbox 258 2760 2246 2831; baseline 0.003 -24"><span class='ocrx_word' id='word_1_451' title='bbox 258 2761 544 2825; x_wconf 87' lang='lat' dir='ltr'>perceptione</span> <span class='ocrx_word' id='word_1_452' title='bbox 564 2764 676 2817; x_wconf 85' lang='lat' dir='ltr'>veri,</span> <span class='ocrx_word' id='word_1_453' title='bbox 712 2760 764 2808; x_wconf 82' lang='lat' dir='ltr'>fit</span> <span class='ocrx_word' id='word_1_454' title='bbox 788 2762 865 2808; x_wconf 89' lang='lat' dir='ltr'>lux</span> <span class='ocrx_word' id='word_1_455' title='bbox 890 2764 1113 2820; x_wconf 86' lang='lat' dir='ltr'>naturalis,</span> <span class='ocrx_word' id='word_1_456' title='bbox 1150 2766 1283 2811; x_wconf 88' lang='lat' dir='ltr'>etiam</span> <span class='ocrx_word' id='word_1_457' title='bbox 1321 2765 1478 2813; x_wconf 90' lang='lat' dir='ltr'>dabilis</span> <span class='ocrx_word' id='word_1_458' title='bbox 1517 2767 1636 2829; x_wconf 91' lang='lat' dir='ltr'>apud</span> <span class='ocrx_word' id='word_1_459' title='bbox 1678 2766 1779 2814; x_wconf 90' lang='lat' dir='ltr'>illos</span> <span class='ocrx_word' id='word_1_460' title='bbox 1811 2768 1891 2831; x_wconf 91' lang='lat' dir='ltr'>qui</span> <span class='ocrx_word' id='word_1_461' title='bbox 1926 2782 2017 2814; x_wconf 89' lang='lat' dir='ltr'>non</span> <span class='ocrx_word' id='word_1_462' title='bbox 2052 2766 2246 2830; x_wconf 84' lang='lat' dir='ltr'>sapiunt,</span> 
     </span>
     <span class='ocr_line' id='line_1_41' title="bbox 260 2826 2248 2898; baseline 0.002 -23"><span class='ocrx_word' id='word_1_463' title='bbox 260 2845 289 2874; x_wconf 94' lang='lat' dir='ltr'>n</span> <span class='ocrx_word' id='word_1_464' title='bbox 315 2844 329 2875; x_wconf 71' lang='grc' dir='ltr'><strong><em>ε</em></strong></span> <span class='ocrx_word' id='word_1_465' title='bbox 359 2831 381 2874; x_wconf 86' lang='lat'><strong>8</strong></span> <span class='ocrx_word' id='word_1_466' title='bbox 389 2831 500 2890; x_wconf 82' lang='lat'><strong>780.</strong></span> <span class='ocrx_word' id='word_1_467' title='bbox 570 2826 715 2890; x_wconf 82' lang='lat' dir='ltr'>Qod</span> <span class='ocrx_word' id='word_1_468' title='bbox 737 2827 890 2875; x_wconf 90' lang='lat' dir='ltr'>videre</span> <span class='ocrx_word' id='word_1_469' title='bbox 929 2831 976 2876; x_wconf 78' lang='grc' dir='ltr'>ὅτ.</span> <span class='ocrx_word' id='word_1_470' title='bbox 1018 2831 1244 2894; x_wconf 86' lang='lat' dir='ltr'>percipere</span> <span class='ocrx_word' id='word_1_471' title='bbox 1287 2847 1397 2878; x_wconf 90' lang='lat' dir='ltr'>num</span> <span class='ocrx_word' id='word_1_472' title='bbox 1423 2833 1597 2879; x_wconf 91' lang='lat' dir='ltr'>Verum</span> <span class='ocrx_word' id='word_1_473' title='bbox 1632 2832 1687 2880; x_wconf 84' lang='lat' dir='ltr'>fit</span> <span class='ocrx_word' id='word_1_474' title='bbox 1722 2846 1961 2898; x_wconf 88' lang='lat' dir='ltr'>antequam</span> <span class='ocrx_word' id='word_1_475' title='bbox 2002 2833 2248 2881; x_wconf 88' lang='lat' dir='ltr'>confirma·</span> 
     </span>
     <span class='ocr_line' id='line_1_42' title="bbox 257 2892 2247 2963; baseline 0.003 -23"><span class='ocrx_word' id='word_1_476' title='bbox 257 2906 348 2949; x_wconf 89' lang='lat' dir='ltr'>tur,</span> <span class='ocrx_word' id='word_1_477' title='bbox 383 2892 528 2940; x_wconf 87' lang='lat' dir='ltr'>solum</span> <span class='ocrx_word' id='word_1_478' title='bbox 568 2892 700 2939; x_wconf 87' lang='lat' dir='ltr'>detur</span> <span class='ocrx_word' id='word_1_479' title='bbox 736 2893 858 2956; x_wconf 87' lang='lat' dir='ltr'>apud</span> <span class='ocrx_word' id='word_1_480' title='bbox 903 2894 1021 2952; x_wconf 90' lang='lat' dir='ltr'>illos,</span> <span class='ocrx_word' id='word_1_481' title='bbox 1067 2899 1148 2959; x_wconf 92' lang='lat' dir='ltr'>qui</span> <span class='ocrx_word' id='word_1_482' title='bbox 1183 2897 1438 2946; x_wconf 87' lang='lat' dir='ltr'>afficiuntur</span> <span class='ocrx_word' id='word_1_483' title='bbox 1476 2913 1585 2946; x_wconf 89' lang='lat' dir='ltr'>vero</span> <span class='ocrx_word' id='word_1_484' title='bbox 1619 2913 1803 2963; x_wconf 88' lang='lat' dir='ltr'>propter</span> <span class='ocrx_word' id='word_1_485' title='bbox 1841 2916 2020 2957; x_wconf 79' lang='lat' dir='ltr'>verum,</span> <span class='ocrx_word' id='word_1_486' title='bbox 2072 2901 2131 2947; x_wconf 87' lang='lat' dir='ltr'>ita</span> <span class='ocrx_word' id='word_1_487' title='bbox 2167 2900 2247 2962; x_wconf 87' lang='lat' dir='ltr'>qui</span> 
     </span>
     <span class='ocr_line' id='line_1_43' title="bbox 257 2955 2247 3030; baseline 0.004 -25"><span class='ocrx_word' id='word_1_488' title='bbox 257 2961 303 3005; x_wconf 87' lang='lat' dir='ltr'>in</span> <span class='ocrx_word' id='word_1_489' title='bbox 343 2959 443 3006; x_wconf 92' lang='lat' dir='ltr'>luce</span> <span class='ocrx_word' id='word_1_490' title='bbox 482 2958 692 3022; x_wconf 88' lang='lat' dir='ltr'>spirituali</span> <span class='ocrx_word' id='word_1_491' title='bbox 734 2955 850 3017; x_wconf 88' lang='lat' dir='ltr'>sunt,</span> <span class='ocrx_word' id='word_1_492' title='bbox 886 2977 915 3007; x_wconf 87' lang='lat' dir='ltr'>n</span> <span class='ocrx_word' id='word_1_493' title='bbox 940 2979 952 3010; x_wconf 74' lang='lat' dir='ltr'>t</span> <span class='ocrx_word' id='word_1_494' title='bbox 979 2965 1121 3024; x_wconf 90' lang='lat'><strong>8780.</strong></span> <span class='ocrx_word' id='word_1_495' title='bbox 1192 2964 1338 3021; x_wconf 89' lang='lat' dir='ltr'>Quod</span> <span class='ocrx_word' id='word_1_496' title='bbox 1377 2966 1531 3013; x_wconf 87' lang='lat' dir='ltr'>omnia</span> <span class='ocrx_word' id='word_1_497' title='bbox 1570 2964 1786 3030; x_wconf 88' lang='lat' dir='ltr'>dogmata</span> <span class='ocrx_word' id='word_1_498' title='bbox 1825 2969 1959 3015; x_wconf 87' lang='lat' dir='ltr'>etiam</span> <span class='ocrx_word' id='word_1_499' title='bbox 1996 2965 2097 3013; x_wconf 81' lang='lat' dir='ltr'>falsa</span> <span class='ocrx_word' id='word_1_500' title='bbox 2136 2982 2247 3012; x_wconf 88' lang='lat' dir='ltr'>con·</span> 
     </span>
     <span class='ocr_line' id='line_1_44' title="bbox 257 3023 2245 3105; baseline 0.003 -33"><span class='ocrx_word' id='word_1_501' title='bbox 257 3024 425 3105; x_wconf 57' lang='lat' dir='ltr'>firmari</span> <span class='ocrx_word' id='word_1_502' title='bbox 449 3027 628 3090; x_wconf 87' lang='lat' dir='ltr'>poffint,</span> <span class='ocrx_word' id='word_1_503' title='bbox 662 3023 800 3089; x_wconf 88' lang='lat' dir='ltr'>usque</span> <span class='ocrx_word' id='word_1_504' title='bbox 840 3037 892 3074; x_wconf 88' lang='lat' dir='ltr'>ut</span> <span class='ocrx_word' id='word_1_505' title='bbox 928 3040 1165 3093; x_wconf 87' lang='lat' dir='ltr'>appareant</span> <span class='ocrx_word' id='word_1_506' title='bbox 1202 3029 1313 3078; x_wconf 84' lang='lat' dir='ltr'>ficut</span> <span class='ocrx_word' id='word_1_507' title='bbox 1337 3046 1456 3090; x_wconf 85' lang='lat' dir='ltr'>vera,</span> <span class='ocrx_word' id='word_1_508' title='bbox 1492 3048 1556 3081; x_wconf 88' lang='lat' dir='ltr'>n:</span> <span class='ocrx_word' id='word_1_509' title='bbox 1587 3038 1729 3093; x_wconf 85' lang='lat'><strong>2482.</strong></span> <span class='ocrx_word' id='word_1_510' title='bbox 1763 3048 1905 3099; x_wconf 84' lang='grc'><strong>2490.</strong></span> <span class='ocrx_word' id='word_1_511' title='bbox 1934 3049 2075 3096; x_wconf 84' lang='lat'><strong>5033.</strong></span> <span class='ocrx_word' id='word_1_512' title='bbox 2105 3031 2245 3094; x_wconf 88' lang='lat'><strong>6865.</strong></span> 
     </span>
     <span class='ocr_line' id='line_1_45' title="bbox 260 3105 405 3154; baseline 0 0"><span class='ocrx_word' id='word_1_513' title='bbox 260 3105 405 3154; x_wconf 85' lang='lat'>7950·</span> 
     </span>
    </p>

    <p class='ocr_par' dir='ltr' id='par_1_6' title="bbox 1243 3162 2259 3222">
     <span class='ocr_line' id='line_1_46' title="bbox 1243 3162 2259 3222; baseline -0.007 -5"><span class='ocrx_word' id='word_1_514' title='bbox 1243 3162 1292 3217; x_wconf 87' lang='lat' dir='ltr'>D</span> <span class='ocrx_word' id='word_1_515' title='bbox 1997 3162 2259 3222; x_wconf 84' lang='lat' dir='ltr'>Quomodo</span> 
     </span>
    </p>
   </div>
  </div>
 </body>
</html>
