2502 3432
544 187 683 249 ET
727 181 1336 257 BABYLONIA
1385 175 2089 246 DESTRUCTA.‘
2223 189 2304 252 23

323 313 516 369 Genere,
550 312 608 359 de
629 327 718 375 qua
740 327 788 358 re
806 310 1014 357 videatur
1043 307 1174 371 supra
1206 309 1253 355 in
1286 308 1366 355 suo
1388 307 1635 362 Articulo;
1669 309 1719 355 δε
1752 322 1859 354 cum
1896 305 2102 354 homines
2141 298 2224 348 rari
2262 298 2309 344 in

324 379 513 426 Coelum
537 379 739 433 veniunt,
774 377 826 424 δε
850 375 983 422 multi
1017 375 1066 421 in
1090 373 1344 430 Infernum‚
1378 372 1506 437 quod
1548 378 1721 419 malum
1761 368 1948 419 ab‘una
1987 382 2110 434 parte
2147 364 2310 415 crescat

324 444 453 507 supet
487 443 670 490 bonum·
694 443 752 490 ab
784 441 951 501 alter23
986 456 1091 488 narn
1124 453 1347 504 quantum
1371 438 1606 486 Infernum
1629 436 1799 494 crescit,
1835 450 2011 484 tantum
2036 434 2190 483 crescit
2213 447 2309 479 ma·

324 511 422 558 lum
440 531 458 564 ς
494 511 542 555 &
567 510 703 555 omne
726 507 897 554 malum
923 507 1096 554 homini
1119 506 1184 554 est
1206 523 1263 553 ex
1289 504 1480 561 inferno,
1515 505 1564 552 δι
1589 519 1724 550 omne
1749 503 1920 549 bonum
1944 505 1983 548 ei
2006 503 2070 549 est
2092 518 2116 548 e
2139 498 2308 547 Coelo:

322 577 427 639 quia
466 574 637 620 malum
676 572 830 620 crescit
869 573 999 636 super
1034 573 1208 620 bonum
1235 574 1296 619 ·in
1336 572 1425 619 fine
1465 570 1698 627 Ecclesiae,
1733 581 2007 633 quapropter
2044 583 2070 613 a
2100 566 2311 613 Domino

290 648 431 688 *tunc
466 637 726 701 judicantur
763 655 940 696 omnes,
974 640 1025 686 ὅτ.
1050 639 1298 703 separantur
1320 639 1425 686 mali
1449 654 1475 685 a
1496 637 1644 692 boniS,
1677 652 1729 683 ac
1767 635 2035 697 rediguntur
2074 633 2229 678 omnia
2265 631 2311 675 in

324 707 550 762 ordinem,
583 721 635 752 ac
666 705 930 753 instauratur
961 716 1135 753 novum
1164 706 1371 761 Coelum,
1404 705 1455 752 &
1490 719 1675 767 quoque
1710 718 1829 749 nova
1850 699 2050 748 Ecclesia
2086 698 2133 745 in
2168 696 2312 749 τεαῖς,

324 773 375 820 &
395 771 455 818 fic
480 771 741 818 restauratur
759 772 1081 836 aequilibrium.
1150 772 1264 819 Hoc
1297 787 1417 819 nunc
1438 769 1518 826 est,
1553 769 1680 834 quod
1705 782 1895 817 vocatur
1914 766 2155 813 Ultimum
2178 761 2313 824 Judi-

324 840 465 895 cium‚
495 838 557 900 ⁷de
579 853 677 901 quo
700 838 828 901 plura
849 842 896 886 in
919 837 1216 902 sequentibus.

395 921 471 968 35.
508 904 655 962 Quod
692 905 795 952 finis
836 903 1048 952 Eccleliae
1092 904 1164 961 lit,
1214 903 1400 967 quando
1444 919 1535 951 non
1580 902 1776 965 amplius
1817 901 1933 947 intra
1967 896 2215 947 Ecclesiam
2249 890 2316 939 est

326 971 481 1026 Fides,
516 983 678 1017 notum
714 971 776 1018 est
797 987 856 1019 ex
878 970 1049 1027 Verb0,
1083 971 1158 1019 sed
1187 969 1396 1019 nondum
1426 985 1589 1026 notum
1625 969 1706 1025 est,
1741 967 1868 1031 quod
1891 981 1982 1014 non
2008 965 2157 1027 aliqua
2180 959 2315 1008 Fides

325 1036 383 1084 sit
402 1036 435 1082 si
458 1051 550 1082 non
570 1036 772 1084 Charitas
791 1060 807 1092 ·,
841 1050 1119 1102 quapropter
1150 1037 1208 1084 de
1230 1037 1311 1085 hac
1333 1052 1381 1084 re
1404 1035 1552 1100 aliqua
1574 1036 1620 1083 in
1643 1050 1764 1084 nunc
1786 1032 2071 1097 sequentibus
2092 1029 2314 1076 dicentur.

328 1101 474 1166 Qod
499 1102 543 1147 in
561 1102 658 1149 -fine
679 1103 897 1150 Eccl'efiae
923 1104 1046 1151 nulla
1078 1103 1133 1151 fit
1162 1103 1292 1160 fides,
1327 1102 1592 1167 praedicitur
1614 1119 1639 1150 a
1659 1102 1888 1156 Domine,
1922 1104 1958 1128 “
1983 1097 2121 1148 Filius
2140 1093 2319 1142 hominis

328 1183 420 1214 cum
441 1170 623 1225 venerit,
658 1183 756 1215 num
795 1171 980 1218 inveniet
1005 1169 1137 1229 fidem
1172 1171 1218 1218 in
1257 1170 1428 1226 terra?
1463 1170 1598 1217 Luc:
1622 1183 1757 1216 xvm
1781 1186 1794 1215 :
1819 1171 1878 1216 8:
1914 1166 1964 1213 &
1985 1177 2170 1228 quoque
2192 1156 2321 1223 quod

329 1243 440 1278 tunc
477 1234 601 1280 nulla
636 1235 841 1291 charitas,
878 1242 912 1263 “
936 1237 990 1283 In
1010 1237 1366 1300 Consummatione
1391 1235 1541 1299 saeculi
1561 1234 1915 1297 multiplicabitur
1937 1233 2157 1296 iniquitas,
2190 1226 2320 1288 νςὶνὶ-

324 1298 458 1359 gestet
480 1298 683 1346 Charitas
705 1301 928 1348 multorum
946 1319 961 1348 .·
994 1302 1050 1350 ξεῖ
1066 1303 1377 1364 praedicabitur
1398 1302 1446 1349 id
1466 1304 1750 1365 Evangelium
1779 1303 1825 1347 in
1846 1310 1934 1347 toto
1957 1309 2170 1345 terrarum
2194 1293 2321 1345 orbe;

333 1365 390 1410 {9²
422 1373 521 1408 tunc
560 1367 700 1411 veniet
726 1364 882 1422 finis,''
918 1367 1103 1414 Matth:
1130 1383 1277 1413 xxlv:
1309 1384 1380 1415 12.
1414 1383 1487 1426 14.
1557 1367 1907 1414 Consummatio
1936 1363 2086 1410 saeculi
2108 1360 2171 1408 est
2195 1358 2326 1405 Ulti-

334 1443 467 1475 mum
491 1441 671 1492 tempus
695 1430 943 1485 Ecclefiae3
978 1431 1238 1478 describitur
1276 1433 1321 1477 in
1357 1447 1412 1477 eo
1434 1433 1596 1494 Capite
1626 1449 1651 1477 a
1673 1432 1881 1477 Domino
1914 1427 2051 1475 status
2086 1426 2325 1472 succeffive

337 1493 588 1545 decrescens
611 1494 824 1543 Ecclefiae
859 1497 1009 1559 quoad
1048 1511 1248 1544 amorem
1286 1499 1335 1543 δε
1377 1496 1534 1552 fidem,
1571 1495 1646 1544 sed
1683 1495 1946 1546 describitur
1980 1493 2042 1540 ibi
2076 1507 2157 1556 per
2181 1504 2325 1536 meras

337 1559 744 1632 correspondentias
763 1582 779 1614 ;
812 1576 949 1623 quare
981 1562 1056 1609 illa
1092 1578 1199 1625 quae
1237 1562 1299 1608 ibi
1339 1561 1557 1623 praedicta
1592 1561 1696 1608 sunt
1729 1577 1756 1607 a
1776 1563 1986 1608 Domino
2018 1574 2110 1606 non
2145 1555 2327 1620 poffunt

335 1623 544 1684 intelligi,
580 1624 660 1669 nifi
693 1623 839 1670 sensus
876 1626 1111 1687 spiritualis
1149 1625 1503 1687 correspondens
1536 1626 1723 1688 lingulis
1757 1626 1820 1671 ibi
1843 1624 2018 1679 sciatur,
2053 1633 2329 1686 quapropter

337 1690 494 1762 datum
530 1688 642 1734 mihi
675 1687 738 1735 est
769 1705 794 1736 a
811 1690 1023 1738 'Domino
1044 1690 1266 1754 explicare
1289 1692 1444 1738 omnia
1468 1706 1575 1754 quae
1598 1693 1643 1738 in
1668 1691 1748 1739 illo
1766 1685 1946 1754 Capite,
1980 1689 2030 1736 δε
2053 1689 2200 1752 aliqua
2221 1702 2328 1751 quae

334 1768 383 1799 {n
407 1751 618 1816 sequente
639 1753 760 1802 dieta
792 1755 910 1812 sunt,
945 1756 1004 1803 de
1026 1756 1431 1805 Consummatione
1455 1757 1622 1814 saeculi,
1659 1757 1717 1805 de
1741 1757 1963 1804 Adventu
1984 1755 2146 1820 Ipsius,
2181 1754 2329 1817 deque

338 1818 572 1867 succeffiva
604 1819 848 1869 vastatione
879 1822 1118 1881 Ecclesiae,
1154 1824 1203 1871 δε
1243 1824 1300 1872 de
1341 1823 1527 1872 Ultimo
1559 1823 1763 1885 Judici0‚
1798 1824 1845 1870 in
1869 1825 2112 1871 Auernus
2152 1822 2330 1868 Coen-

341 1899 536 1941 smnus,
571 1901 678 1948 quae
700 1886 762 1933 ibi
785 1887 1025 1935 videantur
1048 1906 1111 1937 n:
1138 1907 1263 1954 3353
1290 1891 1345 1937 ad
1372 1891 1516 1954 3356.
1545 1892 1674 1955 3486
1699 1891 1754 1938 ad
1780 1894 1924 1954 3489.
1952 1890 2079 1953 3650
2102 1888 2158 1936 ad
2186 1887 2328 1950 3655.

342 1967 463 2013 375¹
491 1951 548 1998 ²d
573 1966 716 2014 3759·
737 1955 870 2017 3897
892 1955 947 2001 ad
974 1958 1271 2020 3901.4056
1295 1957 1352 2003 ad
1376 1959 1525 2016 4060.
1550 1973 1681 2020 4229
1705 1957 1763 2004 ad
1787 1958 1935 2020 423ῐὲ
1954 1971 2083 2020 4332
2109 1954 2166 2002 ad
2183 1969 2330 2017 4335.

299 2090 305 2095 Α
338 2031 468 2129 44ἒὶ
488 2017 549 2129 :g
572 2033 718 2078 4424·
744 2020 873 2084 4635
897 2021 952 2068 ad
976 2023 1121 2086 4638.
1141 2023 1262 2083 4661
1292 2023 1350 2071 ad
1373 2024 1518 2085 4664.
1546 2029 1675 2088 4807
1700 2023 1756 2071 ad
1780 2026 1931 2084 4810.
1954 2038 2086 2088 4954
2109 2021 2165 2068 ad
2185 2036 2331 2085 4959.

327 2097 403 2144 ,50
439 2099 465 2145 3
572 2099 715 2147 5071.

409 2152 487 2211 36.
524 2151 696 2213 Aliqua
732 2168 854 2200 nunc
892 2153 1100 2202 dicentur
1137 2154 1195 2202 de
1232 2171 1304 2213 eo,
1348 2156 1473 2220 quod
1513 2155 1635 2203 nulla
1670 2155 1783 2204 fides
1820 2155 1872 2203 sit
1912 2155 1944 2202 s1
1985 2170 2076 2203 non
2113 2153 2329 2201 charitas:

343 2227 603 2290 autumatur
635 2219 761 2280 quod
796 2219 850 2266 fit
885 2220 998 2267 fides
1035 2221 1257 2284 quamdiu
1294 2223 1541 2271 creduntur
1574 2222 1834 2271 doctrinalia
1855 2221 2088 2278 Ecclefiae,
2124 2222 2183 2267 ita
2204 2218 2332 2282 quod

344 2279 398 2354 sit
419 2280 539 2342 apud
562 2281 661 2328 illos
671 2285 762 2357 ‘qui
786 2286 975 2333 credunt
995 2309 1011 2342 ;
1048 2287 1119 2334 sed
1157 2287 1299 2335 solum
1333 2289 1511 2336 credere
1546 2306 1637 2337 non
1660 2289 1723 2335 est
1748 2290 1876 2346 fides,
1912 2302 1957 2336 at
1978 2288 2096 2335 velle
2118 2287 2167 2333 &
2191 2285 2333 2332 facere

344 2346 391 2391 id
414 2345 541 2420 quod
562 2348 761 2421 creditur
779 2348 845 2394 est
868 2351 1007 2397 fides:
1045 2352 1307 2399 doctrinalia
1330 2354 1545 2400 Ecclefiae
1566 2354 1751 2416 quando
1773 2353 1919 2400 solum
1943 2354 2205 2406 creduntur,
2240 2365 2334 2396 non

345 2408 450 2484 sunt
469 2425 630 2485 invita
650 2412 864 2469 hominis,
899 2414 972 2460 sed
1007 2415 1150 2462 solum
1188 2418 1234 2462 in
1270 2415 1365 2481 ejus
1398 2419 1619 2464 memoria
1641 2418 1690 2463 &
1715 2418 1821 2464 inde
1843 2420 1890 2464 in
1914 2417 2103 2464 Externi
2138 2415 2333 2462 hominis

348 2488 636 2551 cogitatione,
673 2492 756 2525 nec
794 2480 959 2527 intrant
997 2482 1044 2528 in
1078 2479 1174 2544 ejus
1194 2483 1338 2530 vitam
1363 2481 1620 2545 priusquam
1656 2483 1702 2528 in
1735 2480 1831 2541 eius
1853 2483 2134 2529 voluntatem
2156 2480 2335 2528 &inde

348 2557 394 2615 Ψ
417 2541 610 2617 astmnes
626 2564 642 2597 3
677 2556 787 2619 tunc
818 2547 1024 2609 primurn
1047 2547 1110 2595 est
1134 2548 1179 2595 in
1204 2548 1398 2597 hominis
1419 2548 1593 2612 spiritu,
1630 2564 1734 2595 nam
1757 2548 1933 2612 spiritus
1956 2549 2170 2603 hominis,
2204 2544 2335 2610 cujus

348 2620 444 2682 vita
463 2606 527 2654 est
549 2608 754 2670 ipsavrta
775 2611 988 2670 hominis,
1024 2612 1245 2662 formatur
1280 2631 1335 2661 ex
1359 2615 1590 2662 voluntate
1613 2612 1726 2677 ejus,
1761 2631 1813 2662 ac
1852 2628 2028 2662 tantum
2065 2629 2124 2661 ex
2162 2607 2334 2677 cogita·

351 2686 487 2748 none,
522 2687 741 2735 quantum
783 2678 880 2726 baec
899 2681 1126 2742 ‘procedit
1158 2697 1215 2728 ex
1237 2682 1471 2729 voluntate
1492 2699 1504 2728 :
1543 2682 1763 2729 memoria
1786 2681 1983 2728 hominis
2005 2681 2055 2728 δε
2080 2679 2185 2727 inde
2208 2681 2336 2740 cogi-

351 2751 463 2786 tatlo
481 2738 544 2785 est
566 2740 709 2815 modo
729 2745 911 2801 atrium,
946 2761 1028 2808 per
1056 2747 1184 2810 quod
1217 2747 1271 2794 fit
1292 2748 1582 2795 introduftio.
1652 2748 1756 2794 Sive
1779 2747 1903 2794 dicas
1924 2746 2221 2795 Voluntatem
2243 2746 2336 2793 five

351 2807 595 2881 amorem,
632 2807 754 2854 idem
776 2809 856 2866 est,
892 2814 1110 2873 quoniam
1135 2812 1433 2878 unusquisque
1456 2814 1583 2877 quod
1606 2813 1709 2860 vult
1743 2813 1792 2860 id
1826 2824 1962 2870 amat,
1997 2810 2191 2876 &quo'd
2214 2824 2338 2859 amat

339 2870 399 2918 ⁴nd
437 2871 569 2947 stult,
618 2888 671 2919 ac
710 2873 931 2923 Voluntas
971 2877 1036 2924 est
1074 2879 1407 2942 receptaculum
1451 2881 1635 2938 amoris,
1690 2881 1742 2928 &
1775 2879 2041 2937 intellectuQ
2095 2877 2223 2943 cujus
2272 2877 2339 2926 est

349 2950 564 3013 cogitare,
608 2938 668 2985 est
707 2941 1038 3016 receptaculum
1078 2944 1199 2991 fidei.
1271 2946 1437 2994 Homo
1476 2946 1621 2994 multa
1672 2945 1818 3010 potest
1865 2946 1990 3004 scire,
2046 2948 2243 3010 cogitare
2285 2946 2338 2991 δε

349 3003 614 3080 sutelltgere,
668 3005 740 3052 sed
783 3007 856 3054 illa
892 3024 998 3071 quoe
1043 3026 1134 3056 non
1172 3012 1448 3060 concordant
1498 3028 1606 3060 cum
1641 3012 1874 3060 voluntate
1917 3011 1990 3060 seu
2030 3029 2138 3060 cum
2184 3014 2338 3059 amore

350 3083 472 3144 ejus,
497 3083 638 3133 reJtcrt
660 3087 687 3118 a
708 3071 766 3128 se,
802 3089 910 3121 cum
951 3075 1031 3137 fibi
1064 3075 1142 3123 soli
1180 3077 1357 3125 reliCtus
1397 3094 1453 3125 ex
1492 3078 1566 3128 sua
1596 3080 1831 3127 voluntate
1869 3078 1941 3127 seu
1976 3095 2032 3126 ex
2070 3078 2149 3126 suo
2185 3092 2339 3124 amore

353 3135 610 3194 meditatur,
652 3139 706 3187 ’ὃτ
745 3139 848 3190 ideo
884 3156 1068 3206 quoque
1106 3141 1182 3191 illa
1229 3143 1371 3209 rejicit
1416 3144 1518 3209 post
1551 3147 1695 3195 vitam
1739 3148 1959 3211 corporis,
2016 3161 2124 3194 cum
2168 3146 2215 3191 in
2252 3141 2338 3204 spi-

392 3219 401 3232 ’
1072 3225 1103 3271 3
2258 3209 2349 3254 ritu
