2514 3516
4 3102 9 3107 a
0 3038 11 3068 -.·-
0 3020 10 3029 ι
0 2936 15 3016 ,μ’

591 222 703 284 Da
740 204 1351 282 ‘'ratitumssus
1406 235 1495 279 m
1541 209 2056 277 UNIVERSO.
2226 204 2318 291 65

332 351 532 399 internos
549 369 567 403 ς
602 335 658 394 ᾆδε
679 335 827 403 adhuc
850 335 1148 407 mitiuslquod
1173 342 1371 390 vestibus
1393 355 1503 390 tunc
1526 344 1611 391 fint
1634 343 1812 398 induti;
1845 343 1896 391 δε
1917 339 2044 406 quod
2069 337 2317 386 mansiones

331 419 386 465 &
408 412 651 464 habitacula
668 411 754 458 illis
778 411 897 465 lint3
933 411 984 456 ὅτ
1008 409 1095 456 hoc
1119 408 1263 456 solum
1284 424 1346 455 veit
1369 408 1512 464 causa,
1533 410 1638 470 quia
1660 409 1861 470 plerique
1884 409 1945 455 ibi
1967 424 2024 455 ex
2046 402 2316 453 sensualibus

330 498 439 546 quae
460 479 562 526 sun't
580 477 783 541 corporis
805 477 1027 538 cogitant,
1052 490 1103 522 ac
1127 475 1231 522 ideo
1251 475 1440 521 credunt
1466 474 1576 519 nihil
1597 474 1680 520 effe
1700 488 1807 535 quae
1833 489 1924 519 non
1947 473 2105 520 vident
2139 473 2187 518 δε
2211 483 2317 517 tan-

331 559 482 610 gunt:
515 547 569 601 &t
589 543 714 607 quod
741 545 871 605 pauci
892 557 1054 588 eorum
1071 540 1257 587 subduci
1275 557 1300 587 a
1319 539 1584 587 sensualibus
1606 539 1799 586 externis
1818 550 1986 599 queant
2008 539 2064 585 ad
2088 538 2312 590 interiora,
2347 553 2351 555 “

331 614 384 661 ὃτ
405 613 464 660 sic
485 608 647 658 elevari
667 609 731 654 'in
769 608 919 654 lucem
942 606 1067 663 coeli,
1090 609 1147 653 'in
1181 615 1270 670 qua
1306 607 1407 652 talia
1439 606 1779 669 percipiuntur:
1837 603 1943 649 inde
1978 603 2058 658 est,
2097 603 2220 662 quod
2254 602 2316 648 de

328 679 502 726 Anima
522 675 593 722 seu
614 675 783 738 Spiritu
813 673 892 720 suo
915 680 1005 720 non
1038 673 1234 736 aliquam
1270 672 1416 719 ideam
1443 672 1638 718 hominis
1660 670 1818 717 habere
1839 670 2022 732 possint,
2058 667 2131 714 sed
2166 667 2312 714 ideam

328 744 443 791 ficut
463 742 519 790 de
544 753 699 797 vento,
733 746 830 788 aere
862 751 940 788 aut
962 734 1203 802 pneumate
1237 739 1401 784 nullius
1431 736 1612 793 formae,
1652 739 1697 783 in
1730 751 1827 799 quo
1859 749 2007 782 tamen
2045 732 2216 796 aliquid
2239 735 2311 777 vi·

329 810 417 857 tale
434 812 457 856 :²
485 809 586 855 haec
605 805 730 867 causa
745 806 831 861 est,
871 806 997 869 quod
1022 816 1111 851 non
1134 803 1319 852 creda-nt
1345 804 1384 851 se
1407 803 1726 852 resurrefimros
1748 817 1886 865 quam
1924 802 1971 848 in
2006 801 2096 847 fine
2126 799 2307 852 mundi,

327 872 962 939 quem²ultimum⁷Judicium
986 883 1165 927 vocant,
1198 871 1248 918 δε
1271 884 1383 918 tunc
1413 871 1539 933 quod
1574 884 1738 931 corpus
1777 868 1947 916 tametfi
1982 863 2228 930 collapsum
2265 866 2312 910 in

327 939 560 1004 pulverem
599 940 666 986 &>
686 939 944 1001 diffipatum
968 938 1196 984 inaomnes
1219 949 1396 993 ventos,
1432 935 1739 983 reducendum
1776 934 1830 981 sit
1861 935 1910 982 δε
1934 931 2310 995 conjungendum

328 1006 519 1054 Animae
555 1004 647 1052 suae
679 1003 751 1051 seu
775 1003 947 1067 spiritui
981 1003 1089 1051 suo:
1136 1002 1373 1059 addebam,
1404 1002 1529 1065 quod
1562 1002 1646 1048 hoc
1671 1002 1958 1065 permittatur
1991 1000 2076 1046 illis
2111 998 2307 1050 credere.

326 1073 554 1135 quoniam<
572 1087 663 1118 non
687 1071 812 1116 aliter
833 1084 988 1133 capere
1011 1068 1208 1133 possunt,
1240 1070 1323 1131 qui
1346 1083 1403 1115 ex
1425 1067 1691 1116 sensualibus
1711 1068 1925 1123 externis,
1950 1078 2003 1113 ut
2024 1066 2199 1113 dietum
2224 1063 2306 1118 est,

324 1138 547 1199 cogitant,
581 1151 723 1199 quam
740 1135 872 1199 quod
898 1136 1048 1181 anima
1070 1134 1142 1182 seu
1165 1135 1343 1198 spiritus
1364 1133 1459 1197 ejus
1494 1151 1585 1181 non
1620 1135 1752 1196 poffit
1774 1134 1927 1180 vivere
1964 1133 2107 1179 homo
2140 1132 2186 1178 in
2223 1129 2307 1176 hu·

325 1217 458 1249 mana
480 1200 643 1261 forma,
683 1201 763 1248 nili
802 1201 985 1264 recipiat
1018 1201 1065 1247 id
1086 1211 1258 1264 corpus
1281 1202 1409 1264 quod
1433 1201 1715 1247 circumtulit
1748 1200 1792 1246 in
1819 1198 1994 1246 mundo
2011 1220 2027 1253 ς
2066 1212 2202 1261 quare
2226 1194 2306 1242 nist

260 1276 266 1279 “
324 1267 545 1314 diceretur
564 1268 620 1313 >id
640 1267 890 1329 resurget&
917 1267 1188 1313 Dofihinam
1220 1267 1279 1313 de
1303 1266 1644 1314 Resurredtione
1676 1267 1728 1312 ὅτ
1753 1265 1812 1312 de
1831 1265 1940 1312 Vita
1970 1277 2137 1312 aeterna
2159 1275 2212 1310 ut
2234 1263 2305 1308 in-

320 1332 772 1395 comprehensibilem
796 1348 822 1380 e
851 1331 986 1378 corde
1002 1331 1253 1392 rejicerent.
1325 1333 1413 1381 Sed
1451 1332 1593 1394 usque
1625 1331 1697 1377 illa
1731 1332 1949 1393 cogitatio
1987 1331 2044 1377 de
2066 1329 2308 1377 Resurrec-

320 1400 447 1446 tione
480 1396 629 1443 secum
670 1397 717 1442 id
747 1396 856 1443 utile
894 1396 1041 1452 habet,
1075 1396 1202 1459 quod
1242 1397 1426 1443 credant
1458 1398 1600 1443 vitam
1642 1395 1742 1458 post
1766 1408 1980 1450 mortem,
2018 1411 2076 1442 ex
2097 1411 2189 1457 qua
2217 1393 2310 1440 fide

324 1464 536 1528 sequitur,
573 1463 698 1525 quod
723 1478 830 1508 cum
845 1459 1008 1526 jacent
1031 1464 1193 1525 aegroti
1217 1463 1262 1508 in
1285 1462 1419 1517 lecto,
1457 1463 1508 1509 &
1530 1478 1623 1509 non
1644 1478 1702 1509 ex
1725 1463 1966 1508 mundanis
1985 1462 2036 1508 δε
2058 1460 2304 1522 corporeis.

322 1531 387 1576 ita
406 1528 498 1588 non
519 1538 575 1575 eit
600 1523 880 1584 sensualibus,
908 1540 968 1575 -ut
988 1529 1131 1590 prim,
1167 1524 1387 1591 cogitant{
1425 1533 1537 1575 tunc
1555 1527 1744 1575 credant
1763 1527 1804 1574 se
1827 1526 1975 1574 statim
1998 1525 2099 1590 post
2121 1526 2317 1574 obitum*

324 1595 557 1648 vieturos3
598 1593 847 1653 loquuntur
881 1595 1037 1655 etiam.
1060 1606 1079 1640 t
1112 1606 1169 1653 nc
1209 1594 1269 1653 §le
1303 1594 1449 1651 coele,
1482 1607 1543 1643 ac.
1556 1594 1623 1647 1de
1657 1593 1737 1657 spe
1771 1594 1884 1640 vitae
1923 1592 1984 1638 ibi
2021 1591 2168 1639 statim
2205 1590 2308 1654 post

324 1672 519 1707 mortem
557 1658 777 1705 remotive
805 1674 831 1705 a
851 1648 1083 1704 ‘Doffi-ir'i'a
1102 1658 1127 1703 i
1151 1658 1211 1704 de
1230 1647 1627 1719 Ultim'ojudicio
1644 1660 1670 1706 ε’
1714 1658 1948 1706 narrabam
1983 1673 2138 1721 porro,
2178 1656 2307 1722 quod

319 1726 554 1791 aliquoties
580 1725 763 1777 miratus
787 1723 887 1781 sim,
929 1725 1055 1786 quod
1078 1722 1262 1787 quando
1286 1724 1349 1771 illi
1379 1726 1471 1788 qui·
1500 1725 1547 1771 in
1580 1724 1671 1772 fide
1694 1723 1795 1772 sunt
1833 1724 2080 1788 loquuntur
2119 1723 2178 1771 de
2212 1725 2307 1771 vita

322 1790 425 1857 post
446 1804 660 1846 mortem,
695 1789 843 1854 deque
863 1789 950 1835 suis
969 1790 1243 1853 qui-obeunt
1272 1790 1344 1837 vel
1377 1790 1634 1847 obiverunt,
1668 1791 1718 1838 δε
1737 1803 1852 1838 tunc
1890 1806 1982 1837 non
2019 1789 2150 1837 simul
2178 1792 2311 1852 cogi-

322 1868 421 1905 tant
440 1857 497 1904 de
519 1856 705 1903 Ultimo
724 1855 927 1916 Judicio,
968 1856 1151 1904 credant
1173 1856 1272 1903 illos
1295 1857 1496 1903 victuros
1519 1854 1597 1904 aut
1618 1858 1771 1904 vivere
1804 1857 2010 1904 homines
2033 1855 2180 1904 statim
2203 1855 2306 1920 post

321 1923 536 1978 obitum;
567 1921 650 1975 ¹sed
673 1921 771 1968 liaec
791 1921 904 1976 idea,
942 1935 992 1968 ut
1024 1923 1400 1986 prim-uminfluit
1421 1924 1639 1987 cogitatio
1671 1923 1729 1971 de
1752 1920 1938 1971 Ultimo
1959 1923 2163 1984 judicio,
2202 1939 2306 1970 mu·

323 1987 696 2053 tatur-inideam
722 1986 996 2037 materialem
1019 1989 1077 2035 de
1098 1987 1286 2036 terrestri
1317 1989 1397 2036 suo
1427 1998 1634 2054 corpore,
1670 1989 1796 2053 quod
1822 1990 1985 2037 iterum
2022 1987 2306 2053 conjungen-

321 2054 437 2101 dum
476 2055 569 2103 suae
598 2051 883 2121 animaeffifit:
922 2053 1148 2102 ¹nesciunt
1179 2057 1322 2111 enim,
1362 2056 1489 2119 quod
1524 2055 2002 2120 unusquisque‘homo
2037 2055 2304 2119 sitspiritus

321 2119 471 2184 quoad
495 2121 704 2173 interiora
726 2119 815 2176 sua,
855 2120 905 2167 δε
927 2121 1055 2184 quod
1082 2121 1155 2168 ille
1179 2121 1345 2185 sitssqui
1370 2124 1487 2170 vivit
1525 2124 1570 2170 in
1595 2137 1784 2186 corpore
1817 2122 1869 2169 δε
1903 2121 1949 2168 in
1972 2121 2159 2186 singulis
2188 2119 2303 2184 ejus,

321 2184 373 2232 ac
394 2201 483 2236 non
505 2200 668 2248 corpus
689 2201 746 2233 ex
770 2185 847 2242 se;
884 2187 935 2233 &
957 2187 1083 2248 quod
1124 2186 1301 2251 spiritus
1331 2186 1526 2250 cujusvis
1558 2189 1628 2245 fit,
1674 2204 1732 2236 ex
1768 2205 1864 2252 quo
1901 2203 2069 2251 corpus
2101 2187 2301 2236 formam

323 2248 444 2296 suam
468 2251 713 2298 humanam
737 2250 888 2308 habet,
923 2252 1253 2316 consequenter·
1275 2255 1356 2317 qui
1381 2256 1687 2319 principaliter
1720 2254 1863 2302 homo
1883 2253 1965 2307 est,
2003 2255 2055 2302 δε
2087 2255 2133 2301 in
2167 2253 2301 2300 fimjfi

320 2313 484 2372 forma,
525 2316 596 2363 sed
621 2317 829 2364 invifibili
851 2318 1170 2377 coram'oculis
1190 2322 1408 2380 corporis,
1434 2333 1480 2367 at
1503 2321 1664 2368 vifibili
1687 2336 1839 2367 coram
1862 2320 2005 2366 oculis
2028 2319 2264 2378 spirituum
2283 2337 2297 2365 ε

319 2380 425 2425 inde
453 2382 606 2431 etiam,
645 2383 978 2441 cum‘aperitur
998 2382 1118 2424 visus
1149 2381 1332 2440 ,spiritus
1367 2383 1580 2434 hominis,
1621 2384 1750 2442 quod
1790 2383 1844 2426 fit
1877 2396 1957 2442 per
1994 2383 2299 2430 remotionem

319 2441 440 2489 visus
463 2442 680 2503 corporiS,
713 2454 924 2505 apparent
937 2442 1109 2505 'Angeli
1144 2457 1193 2490 ut
1217 2444 1448 2491 homines:
1488 2446 1549 2491 ita
1570 2445 1742 2506 Angeli
1764 2457 2064 2507 apparuerunt
2085 2447 2299 2511 antiquis,

322 2508 380 2555 de
400 2507 564 2572 quibus
597 2507 644 2574 in
666 2507 834 2556 Verbo.
903 2508 1149 2572 Loquutus
1171 2509 1305 2556 etiam
1341 2508 1439 2556 sum
1473 2510 1709 2572 aliquoties
1741 2524 1849 2556 cum
1873 2510 2132 2573 spiritibus,
2165 2530 2300 2576 quos,

321 2589 428 2621 cum
453 2573 662 2619 vixerunt
685 2574 889 2620 homines
919 2575 964 2620 in
989 2575 1182 2630 mundo,
1231 2575 1355 2630 novi,
1396 2576 1644 2639 quaerendo
1677 2591 1789 2622 num
1824 2575 1965 2623 velint
1996 2577 2169 2625 reindui
2207 2591 2296 2627 ter-

323 2638 443 2686 restri
462 2638 541 2685 suo
563 2654 768 2700 corpore,
807 2638 919 2686 sicut
943 2642 1255 2702 cogitaverunt
1287 2643 1429 2704 prius,
1466 2658 1563 2705 quo
1582 2642 1738 2689 audito
1773 2641 1829 2688 ad
1854 2641 1993 2688 solam
2014 2643 2297 2693 ideam-con-

316 2703 560 2767 junctionis
582 2702 677 2765 ejus
699 2705 834 2768 longe
865 2704 1155 2769 aufugerunt,
1197 2707 1383 2771 perculsi
1409 2706 1606 2773 stupore,
1643 2707 1770 2772 quod
1809 2710 1856 2755 in
1880 2708 2056 2756 mundo
2087 2725 2145 2758 ex
2176 2726 2299 2763 caeca

320 2770 413 2817 fide
433 2768 594 2833 absque
616 2770 744 2816 omni
779 2771 1006 2818 intellectu
1039 2774 1102 2819 ita
1124 2774 1438 2831 cogitaverint.
1907 2821 1912 2829 ,

394 2834 499 2884 166.
535 2835 751 2882 Praeterea
772 2836 819 2882 in
834 2837 1020 2892 Tellure
1034 2837 1118 2884 'illa
1139 2837 1228 2884 visa
1251 2837 1352 2884 sunt
1373 2853 1531 2885 eorum
1555 2838 1819 2896 habitacula,
1842 2855 1948 2902 quae
1969 2854 2096 2889 erant
2113 2842 2295 2892 Domus

321 2899 514 2965 humiles
537 2901 580 2947 in
605 2901 796 2963 longum
820 2903 1072 2966 produEtae,
1111 2919 1220 2950 cum
1245 2901 1437 2950 fenestris
1471 2921 1495 2951 a
1523 2898 1730 2951 lateriBus
1764 2903 2011 2953 secundum
2044 2922 2292 2971 numerum

322 2967 606 3013 mansionum
630 2966 701 3014 seu
726 2983 1001 3014 camerarum
1027 2969 1072 3014 in
1095 2985 1204 3032 quas
1228 2982 1351 3016 erant
1374 2970 1561 3025 divisae3
1602 2970 1774 3017 teetum
1796 2984 1890 3019 erat
1919 2973 2171 3022 rotundum·
2188 2997 2204 3030 ς
2241 2978 2292 3024 &

310 3029 456 3095 janua
489 3033 607 3080 utrin
645 3048 698 3079 ue
734 3034 779 3080 in
814 3036 1122 3090 extremitate3
1160 3035 1366 3083 dicebant
1388 3035 1514 3099 quod
1538 3035 1777 3084 exstruQae
1796 3037 1933 3090 efl'ent
1958 3053 2018 3084 ex
2037 3038 2198 3097 humo,
2242 3044 2292 3089 δε

325 3095 456 3143 tectae
476 3097 627 3160 cespiti
662 3114 746 3153 us;
784 3101 832 3146 δι
856 3100 982 3163 quod
1005 3099 1207 3148 fenestrae
1239 3116 1296 3147 ex
1332 3101 1418 3148 filis
1455 3103 1715 3166 gramineiS,
1755 3104 1815 3150 ita
1836 3113 2083 3159 contextae,
2126 3118 2179 3152 ut
2211 3106 2293 3155 lux

324 3161 624 3229 transpareret.
684 3163 880 3214 Infantes
900 3181 1089 3231 quoque
1110 3166 1191 3215 visi
1215 3165 1333 3222 sunt,
1357 3168 1563 3216 dicebant
1583 3169 1711 3236 quod
1733 3170 1871 3218 vicini
1893 3171 1951 3219 ad
1974 3171 2076 3219 illos
2100 3172 2296 3231 veniant,

2078 3242 2307 3309 imprimis
