2514 3516
600 177 720 243 ΠΒ
754 173 1361 248 TELLURIBUS
1408 194 1492 237 m
1541 172 2068 240 UNIVERSO.¹
2251 176 2339 242 61

356 307 494 357 effent
515 321 573 354 ex
594 303 822 368 spiritibus
854 317 881 350 e
910 300 1060 349 nostra
1082 300 1299 356 Tellure:
1356 301 1749 366 interrogabantur.
1779 314 1890 350 tunc
1927 304 1976 350 in
2014 315 2111 366 quo
2147 299 2355 350 consum

359 374 531 428 derent,
562 369 739 433 ajebant
758 382 840 431 per
875 367 923 414 id
947 366 1074 431 quod
1107 367 1260 414 dicant
1292 367 1582 414 credendum»
1612 367 1696 414 effe
1736 369 1788 415 in
1813 368 2042 416 Divinum
2077 366 2353 417 distinctum-

354 441 407 488 in
430 450 516 485 tres
537 433 768 497 Personas,
800 447 910 496 quas
946 431 1085 496 usque
1105 443 1283 488 „vocant
1306 447 1452 479 unum
1472 433 1629 479 Deum
1649 453 1665 487 ;
1706 433 1755 480 δι
1779 447 1888 479 cum
1921 433 2156 496 explorant
2189 434 2339 482 ideam

352 501 688 566 ,cogitationum
712 514 889 554 eorum,
923 497 1088 545 fistitur
1108 497 1184 544 illa
1206 497 1319 545 ficut
1339 497 1540 545 Trinum
1563 512 1655 544 non
1680 498 1951 544 continuum
1983 499 2056 545 sed
2081 497 2356 557 discretum„

358 569 411 618 δε
431 566 552 631 apud
585 564 803 629 quosdam
837 564 952 611 ficut
972 575 1061 611 tres
1084 562 1293 611 Personae
1323 563 1438 610 inter
1467 561 1510 610 se
1532 563 1784 626 loquentes,
1824 577 1941 609 unus
1963 563 2019 609 ad
2044 564 2251 621 alterum,
2291 566 2352 614 &A

361 633 484 698 apud
506 631 731 694 quosdam
746 642 798 678 ut
821 629 916 676 bini
947 630 1194 685 affidentes,
1233 644 1349 676 unus
1370 644 1513 692 prope
1536 629 1745 684 alterum,
1777 629 1826 675 δε
1852 628 2006 675 tertius
2040 629 2220 676 audiens
2242 631 2344 679 illos

362 701 414 748 διε
446 697 612 745 abillis
633 696 831 752 vadens;
873 696 921 743 &
945 695 1119 742 tametsi
1158 697 1507 759 unamquamvis
1543 692 1780 741 Personam
1817 706 1983 741 vocant
2003 694 2176 751 Deum,
2212 698 2260 743 &
2282 696 2342 743 de

362 765 611 827 unaquavis
646 762 778 809 aliam
818 761 968 808 ideam
1004 760 1185 817 habent,
1218 759 1358 823 usque
1391 760 1552 809 dicunt
1589 760 1756 808 Unum
1778 760 1967 808 Deum:
2013 760 2157 824 questi
2195 760 2344 817 valde,

361 831 486 894 quod
510 845 590 892 per
613 828 661 876 id
684 824 965 875 confundant
983 841 1078 883 eos,
1118 825 1243 890 quod
1270 826 1470 889 cogitent
1493 839 1579 874 tres
1602 826 1653 873 &
1676 826 1831 874 dicant
1852 841 2015 882 unum,
2050 842 2158 874 cum
2189 838 2341 874 tamen

353 895 659 959 cogitandum
683 894 738 940 fit
759 893 871 940 ficut
903 892 1084 949 dicitur,
1127 895 1176 940 δε
1211 892 1457 940 dicendum
1490 891 1604 940 ficut
1625 893 1865 955 cogitatur.
1933 891 2143 956 Spiritus,
2188 893 2269 956 qui
2298 893 2346 940 in

362 961 549 1009 mundo.
562 958 737 1015 antistes
767 959 815 1006 &
844 958 1114 1022 praedicator
1135 955 1294 1014 fuerat,
1329 959 1379 1006 &t
1403 974 1587 1022 quoque
1610 973 1790 1005 mecum
1816 970 1924 1015 erat,
1963 971 2074 1006 tunc
2106 959 2242 1006 etiam
2265 973 2344 1006 ex·

361 1025 636 1091 plorabatur,
670 1025 850 1088 qualem
890 1024 964 1071 ille
999 1024 1149 1071 ideam
1181 1025 1237 1072 de
1269 1040 1364 1071 uno
1402 1024 1506 1072 Deo
1540 1024 1590 1071 ὅτ
1623 1023 1766 1071 tribus
1800 1023 2003 1071 Personis
2036 1024 2234 1081 haberet,
2274 1040 2343 1072 re·

359 1091 653 1155 praesentabat
675 1103 761 1138 tres
782 1091 925 1145 Deos,
965 1102 1010 1137 at
1049 1090 1151 1138 illos
1186 1105 1330 1138 unum
1367 1090 1449 1154 per
1482 1091 1785 1145 continuum·‚
1831 1088 1905 1136 sed
1946 1089 2119 1138 {istebat
2141 1091 2343 1138 Trinum

354 1159 445 1205 ‘hoc
469 1156 634 1203 Unum
666 1168 719 1202 ut
753 1155 969 1202 invisibile
990 1157 1097 1218 quia
1118 1157 1343 1203 Divinum
1363 1178 1382 1211 3⁷
1421 1157 1469 1203 &
1493 1172 1601 1203 cum
1634 1156 1720 1203 hoc
1758 1154 1946 1213 sistebat,
1983 1169 2250 1220 perceptum
2277 1155 2343 1202 est

359 1223 484 1286 quod
524 1234 633 1269 tunc
656 1221 799 1268 modo
829 1223 1049 1284 cogitaret
1086 1221 1143 1268 de
1166 1223 1298 1269 Patre
1336 1223 1385 1269 &
1406 1237 1500 1269 non
1534 1222 1592 1269 de
1614 1222 1838 1279 Domino,
1874 1223 1923 1269 &
1947 1222 2075 1286 quod
2115 1223 2217 1270 idea
2245 1219 2343 1284 ejus

361 1289 419 1334 de
442 1288 547 1334 Deo
568 1286 775 1335 invifibili
805 1302 895 1333 non
917 1287 998 1332 alia
1020 1287 1123 1332 efl‘et
1144 1303 1283 1349 quarn
1319 1287 1432 1334 ficut
1469 1288 1527 1333 de
1559 1301 1716 1335 natura
1747 1288 1793 1334 in
1829 1286 1915 1335 suis
1947 1289 2125 1351 primis,
2159 1303 2216 1335 ex
2252 1303 2343 1351 qua

358 1352 594 1399 resultabat
626 1352 751 1414 quod
777 1352 991 1398 intimum
1022 1364 1193 1398 naturae
1226 1353 1268 1398 ei
1296 1349 1429 1398 fuerit
1463 1351 1594 1398 suum
1620 1353 1862 1408 Divinum,
1907 1353 1956 1399 &
1982 1353 2041 1400 fic
2078 1354 2202 1416 quod
2238 1354 2342 1400 inde

344 1417 486 1479 ¹facile
510 1417 695 1481 per-duci
718 1417 857 1479 pofl'et
888 1417 943 1462 ad
974 1416 1307 1479 agnoscendum
1331 1430 1534 1465 naturam
1559 1433 1643 1479 pro
1663 1419 1780 1464 Deo.
1842 1418 2089 1464 Sciendum
2109 1418 2190 1474 est,
2212 1418 2338 1480 quod

359 1484 465 1531 idea
491 1481 684 1542 cuiusvis
707 1483 764 1528 de
787 1497 1055 1546 quacunque
1087 1498 1134 1529 re
1169 1483 1215 1528 in
1254 1483 1388 1529 altera
1410 1483 1503 1530 vita
1526 1482 1696 1529 sistatur
1730 1482 1789 1530 ad
1812 1484 1994 1539 vivum,
2036 1485 2085 1531 δε
2107 1484 2234 1546 quod
2260 1499 2340 1546 per

351 1549 406 1596 id
430 1549 687 1612 exploretur
709 1546 1023 1610 unusquisque,
1056 1547 1198 1610 qualis
1219 1549 1259 1595 ei
1283 1549 1499 1610 cogitatio
1525 1549 1574 1600 δε,
1594 1549 1827 1612 perceptio
1865 1549 1923 1596 de
1946 1549 2077 1597 rebus
2101 1549 2206 1596 fidei
2242 1549 2305 1596 est
2324 1571 2360 1605 3.

351 1616 409 1670 &
432 1613 557 1677 quod
580 1613 679 1659 idea
698 1613 983 1674 cogitationis
1018 1612 1076 1659 de
1099 1613 1203 1659 Deo
1233 1613 1287 1659 fit
1306 1613 1565 1675 principalis
1587 1616 1799 1661 omnium
1819 1635 1836 1669 3
1881 1629 1987 1661 nam
2011 1629 2091 1677 per
2121 1614 2262 1671 illam,
2306 1615 2340 1662 fi

358 1679 570 1742 genuina,
595 1674 856 1738 conjunfflo
889 1676 943 1723 fit
979 1677 1303 1734 cumDivino,
1347 1678 1397 1724 ἃ.
1429 1677 1536 1725 inde
1572 1693 1682 1725 cum
1705 1678 1858 1725 Coelo.
1928 1678 2195 1742 Interrogati
2234 1682 2342 1729 dein

353 1746 533 1808 qualem
557 1744 621 1791 illi
642 1743 790 1790 ideam
814 1741 1023 1789 haberent
1046 1742 1103 1788 de
1126 1743 1244 1803 Deo,
1285 1741 1609 1807 respondebant
1628 1743 1754 1807 quod
1780 1759 1872 1806 non
1908 1746 2163 1808 concipiant
2185 1747 2340 1796 Deum

355 1810 640 1865 invisibilem,
663 1807 737 1862 sed
760 1809 913 1855 Deum
937 1807 1160 1856 visibilem
1184 1807 1266 1869 sub
1287 1809 1511 1856 Humana
1532 1807 1681 1857 forma
1699 1832 1716 1866 ς
1748 1810 1798 1857 &
1821 1810 1949 1874 quod
1972 1810 2058 1858 hoc
2083 1828 2172 1859 non
2200 1814 2362 1861 modo:

355 1876 495 1923 sciant
537 1889 594 1922 ex
639 1875 845 1921 interiore
874 1876 1193 1937 perceptione,
1225 1874 1297 1921 sed
1333 1878 1468 1922 etiam
1509 1891 1567 1923 ex
1611 1893 1667 1924 eo
1699 1876 1826 1940 quod
1864 1879 2132 1940 apparuerit
2165 1879 2250 1925 iffis
2286 1890 2348 1928 ut

351 1943 560 1996 Homo3
595 1939 820 2004 addentes,
855 1940 981 2002 quod
1018 1939 1330 2005 fi-secundum
1371 1939 1659 2005 quorundam
1700 1942 1974 1990 advenarum
2009 1944 2156 1991 ideam
2187 1947 2340 1992 conci·

344 2020 510 2071 ¹petent
532 2007 707 2054 Deum.
727 2018 779 2053 ut
817 2006 1119 2062 invifibilem,
1149 2007 1225 2054 ita,
1243 2006 1405 2071 absque
1428 2005 1575 2055 forma
1597 2009 1645 2056 ὅτ
1667 2008 1807 2072 quali,
1847 2015 2131 2072 nequaquam
2166 2011 2340 2074 possent

355 2073 553 2136 cogitate
591 2072 648 2119 de
671 2073 805 2128 Deo,-
829 2074 1045 2135 quoniam
1087 2073 1305 2121 invisibile
1340 2074 1429 2120 tale
1461 2068 1554 2122 non
1593 2075 1715 2122 cadit
1754 2076 1801 2122 in
1845 2075 1994 2123 ideam
2029 2078 2335 2139 cogitationis.

348 2137 459 2190 ,His
479 2138 658 2194 auditis,
697 2138 847 2185 dicere.
865 2138 950 2197 illis
974 2138 1178 2196 dabatur,
1208 2139 1337 2202 quod
1362 2140 1473 2187 bene
1498 2139 1660 2188 faciant
1680 2141 1806 2203 quod
1831 2142 2033 2205 cogitent
2056 2143 2112 2188 de
2134 2143 2239 2189 Deo
2259 2142 2363 2190 sub·

354 2205 576 2252 Humana
608 2202 773 2259 forma,
814 2205 863 2252 &
886 2204 1012 2267 quod
1038 2205 1172 2251 multi
1203 2221 1260 2252 ex
1299 2205 1445 2253 nostra
1466 2207 1650 2254 Tellure
1691 2206 1894 2255 fimiliter
1926 2208 2151 2270 cogitent,
2178 2210 2341 2271 Impri-

358 2271 591 2317 misac-um
622 2270 680 2316 de
703 2270 947 2324 Domino;
990 2271 1188 2334 &quod
1224 2273 1398 2334 antiqui
1437 2288 1528 2319 non
1570 2273 1693 2319 aliter
1729 2275 2063 2335 cogitaverint3
2109 2274 2357 2320 narrabam-

356 2348 468 2383 tunc
489 2335 548 2382 de
565 2334 844 2388 Abrahamo‚
885 2336 941 2380 de
965 2336 1138 2389 Lotho‚
1178 2337 1234 2382 de
1255 2338 1481 2391 Gideone‚
1520 2338 1668 2398 deque
1692 2339 1954 2383 Manoacho
1986 2341 2037 2381 δε
2058 2336 2154 2396 ejus
2177 2353 2333 2392 uxore,

357 2403 407 2446 δι
427 2400 540 2459 quid
562 2400 620 2443 de
643 2399 730 2442 illis
751 2408 1024 2442 memoratur
1053 2398 1098 2440 in
1137 2398 1289 2443 nostro
1312 2398 1483 2452 Verbo,
1522 2401 1648 2458 quod
1674 2414 1836 2459 nempe
1860 2399 2054 2445 viderint
2075 2400 2229 2446 Deum
2253 2400 2361 2455 sub·

358 2463 580 2510 Humana
617 2459 798 2515 forma*
817 2461 863 2507 δι
889 2459 1032 2506 visum
1065 2462 1331 2522 agnoverint
1363 2477 1448 2524 pro
1483 2462 1691 2508 Creator-e
1726 2462 1954 2518 Univerfi,
1989 2464 2046 2509 ὅτ..
2075 2468 2333 2518 vocaverint

358 2529 599 2588 jehovam,
638 2525 799 2572 &hoc
829 2540 1014 2588 quoque
1041 2541 1097 2572 ex
1130 2528 1335 2573 interiore
1366 2527 1679 2588 perceptione:
1729 2525 1800 2574 sed
1834 2530 1959 2590 quod
1986 2530 2119 2576 hodie
2150 2533 2334 2579 interior

356 2594 432 2640 illa
453 2593 682 2656 perceptio
715 2592 760 2636 in
782 2591 908 2638 Orbe
941 2591 1207 2639 Christiano.
1218 2593 1415 2656 perierit,
1448 2608 1499 2639 ac
1534 2593 1677 2640 modo
1695 2607 1932 2641 remaneat
1964 2596 2087 2657 apud
2110 2595 2356 2661 simplices*

392 2659 436 2706 ui
461 2660 504 2705 in
531 2658 635 2703 fide.

355 2677 389 2723 q
431 2741 538 2787 159·
574 2725 836 2786 Antequam
868 2722 982 2769 'haec
1010 2723 1134 2770 dieta
1152 2722 1269 2778 sunt,
1310 2722 1594 2770 crediderunt
1617 2724 1900 2787 quodetiam
1924 2725 2070 2774 noster
2090 2730 2355 2779 comitatus*

355 2793 461 2840 effet
484 2792 597 2837 inter
621 2788 720 2834 illos
743 2790 822 2851 qui
844 2788 1010 2834 vellent
1042 2787 1319 2835 confundere
1352 2805 1428 2834 eos
1466 2805 1556 2852 perr
1579 2790 1726 2837 ideam
1755 2792 1921 2837 Trium
1958 2792 2013 2839 de
2051 2795 2179 2851 Deo,.
2218 2812 2328 2858 qua-

342 2870 346 2873 ·
355 2869 541 2921 propter
563 2855 628 2900 his
651 2854 813 2900 auditis
833 2854 1003 2916 gaudio
1023 2854 1171 2902 affeffi
1198 2853 1297 2899 sunt
1329 2855 1378 2900 &
1402 2854 1630 2911 dixerunt,
1659 2856 1788 2918 quod
1821 2874 1846 2903 a
1865 2858 1988 2913 De0,
2005 2902 2011 2905 .
2026 2859 2186 2919 Quem
2202 2849 2349 2912 tunc.

354 2922 573 2972 vocabant
594 2921 871 2973 Dominum,
906 2921 1037 2964 etiam
1065 2920 1176 2964 rniffi
1212 2919 1295 2964 smt
1316 2920 1396 2981 qui
1429 2921 1593 2966 docent
1628 2938 1702 2968 eos
1741 2922 1806 2968 de=
1837 2923 1954 2985 Ipso,
1991 2925 2049 2972 &a
2075 2927 2329 2988 quodmon

343 2975 590 3050 {admittere
611 2986 752 3032 velint
791 2984 983 3030 advenas
1019 2986 1099 3047 qui
1137 2986 1399 3046 perturbant
1430 3001 1522 3041 eos3
1560 2987 1900 3051 imprimisper
1926 2991 2247 3039 tres-Personas
2282 3000 2352 3044 in.

343 3054 619 3114 ‚Divinitate,
661 3051 876 3114 quoniam
922 3049 1066 3096 sciunt
1102 3050 1229 3112 quod
1278 3052 1402 3096 Deus
1439 3066 1554 3097 unus
1592 3053 1685 3109 fit„
1707 3054 1896 3116 proinde
1931 3055 2057 3117 quod
2098 3058 2327 3109 Divinum

357 3133 534 3175 unum,
560 3118 613 3165 ὅτ,
631 3133 724 3165 non
761 3131 817 3164 ex
839 3115 1010 3163 Tribus
1048 3116 1335 3174 unanimum,
1368 3117 1448 3164 nifi
1485 3116 1626 3166 velint
1653 3121 1864 3183 cogitate?
1888 3119 1965 3168 de>
1984 3121 2095 3171 Deo
2107 3124 2234 3171 :ficut
2270 3129 2351 3175 de·

2131 3199 2172 3264 s}
2181 3193 2332 3253 ngglo,
2348 3234 2358 3241 .
