2502 3432
247 175 331 236 16
519 176 634 236 ΒΕ
678 173 1960 245 TELLURIBU5.1N.UN1VERSO.

241 302 362 359 fidei,
398 300 444 348 in
467 300 599 350 altera
624 303 714 351 vita
738 319 831 351 non
856 302 1019 353 habent
1042 305 1205 365 fidem,
1225 306 1440 371 quia3n0n
1466 307 1534 356 est*
1565 310 1609 356 in
1635 309 1818 358 homine
1834 313 1907 370 (r)
1930 329 1940 359 ε
1986 326 2095 359 cum
2120 312 2218 362 haec
2299 359 2302 363 .

239 367 524 424 audiverunt,
560 368 940 431 obmutescebant,
979 372 1084 435 quia
1106 389 1163 421 ex
1192 375 1533 439 apperceptione
1558 376 1643 423 illis
1666 389 1774 424 tunc
1800 377 1900 424 data
1923 377 2218 441 agnoscebant

239 434 365 495 quod
389 434 448 481 ita
471 434 589 483 esset.

305 514 385 558 40.
424 500 631 558 Quidam
657 501 834 564 spiritus
869 502 1061 552 sciebant
1094 521 1151 552 ex
1181 505 1318 562 coelo,
1358 507 1483 570 quod
1517 506 1743 570 spiritibus
1767 508 1964 556 Telluris
1999 508 2220 556 Mercurii

240 565 473 626 quondam
499 569 763 630 promissum
789 567 924 617 fuerit
945 572 1097 618 videre
1114 571 1372 618 Dominum
1393 594 1407 628 3
1448 572 1583 635 quare
1608 573 1991 637 interrogabantur
2013 590 2038 620 a
2061 574 2223 637 spiriti-

246 630 330 676 bus
363 633 536 679 circum
573 650 662 691 me,
711 650 824 681 num
865 635 1203 684 recordarentur
1242 638 1357 684 illius
1396 640 1614 700 promisti,
1650 638 1874 697 dicebant,
1918 639 2043 704 quod
2080 655 2226 686 recor-

243 695 445 752 dentur,
491 697 564 745 sed
597 700 728 763 quod
762 716 854 747 non
879 700 1030 757 sciant,
1072 717 1126 748 an
1162 704 1221 748 ita
1248 702 1513 765 promiffum
1553 703 1623 758 fit,
1664 716 1716 750 ut
1759 704 1816 751 de
1861 721 1916 753 eo
1955 704 2063 751 nihil
2098 705 2226 751 dubii

243 761 560 826 haberipoffit.
633 765 758 811 Cum
793 766 854 811 ita
886 765 1183 828 loquebantur
1220 766 1334 815 inter
1373 767 1431 823 se,
1476 780 1584 814 tunc
1615 771 1817 831 apparuit
1849 771 1934 817 illis
1970 770 2047 817 Sol
2084 770 2222 817 coeli:

246 828 422 885 (Solem
458 829 580 886 coeli,
618 831 697 892 qui
722 829 785 876 est
809 831 1054 888 Dominus,
1091 848 1183 879 non
1205 833 1278 879 alii
1301 833 1456 880 vident
1476 849 1616 896 quam
1639 835 1718 896 qui
1736 836 1788 881 in
1812 836 1975 882 intimo
1998 835 2068 882 seu
2093 838 2227 882 tertio

245 894 368 940 coelo
392 893 492 941 sunt
515 896 675 959 reliqui
699 895 856 943 vident
889 896 1037 944 lucem
1075 898 1198 958 inde)
1235 898 1330 946 viso
1353 899 1457 947 Sole
1485 899 1707 956 dicebant,
1743 901 1869 962 quod
1894 901 1981 948 hoc
2005 915 2096 947 non
2127 901 2232 947 esset

244 959 474 1006 Dominus
510 961 653 1018 Deus,
688 963 793 1026 quia
829 960 990 1010 faciem
1021 980 1111 1011 non
1135 964 1360 1012 videbant.
1431 967 1500 1013 At
1523 966 1686 1012 interea
1720 964 1907 1032 spiritus
1931 967 2044 1012 inter
2083 964 2125 1012 se
2160 965 2229 1012 lo-

244 1026 514 1088 quebantur,
555 1027 627 1075 sed
660 1029 772 1092 quid
812 1028 990 1092 loquuti
1024 1029 1140 1086 sunt,
1171 1046 1262 1078 non
1296 1030 1465 1079 audivi.
1536 1031 1697 1094 Subito
1725 1044 1875 1078 autem
1914 1043 2022 1078 tunc
2063 1031 2228 1079 iterum

245 1093 451 1154 apparuit
475 1093 569 1151 Sol,
603 1095 654 1142 &
679 1096 724 1141 in
745 1091 858 1158 ejus
899 1097 1052 1143 medio
1086 1097 1316 1144 Dominus
1355 1097 1702 1144 circumcinetus
1736 1096 1860 1143 solari
1894 1097 2100 1152 circulo;
2141 1096 2230 1143 hoc

245 1156 359 1214 viso,
395 1159 588 1221 Spiritus
603 1161 821 1208 Mercurii
857 1162 1152 1209 humiliabant
1175 1162 1216 1209 se
1239 1161 1482 1225 profunde,
1518 1163 1568 1208 ὅτ
1593 1161 1884 1208 subfidebant.
1957 1162 2092 1208 Tunc
2115 1177 2232 1224 quo-

245 1239 335 1285 que
361 1225 588 1273 Dominus
611 1242 666 1273 ex
690 1227 792 1273 Sole
815 1226 906 1274 Villo
929 1227 1046 1275 visus
1069 1227 1132 1275 est
1155 1227 1381 1291 spiritibus
1405 1225 1537 1290 hujus
1560 1227 1745 1282 telluris,
1767 1228 1865 1289 qui,
1890 1243 1999 1273 curn
2023 1228 2228 1278 homines

246 1288 443 1347 fuerunt,
489 1291 644 1354 Ipsum
670 1293 715 1339 in
749 1293 923 1339 mundo
946 1295 1176 1348 viderunt,
1215 1309 1273 1339 ex
1311 1293 1476 1355 quibus
1509 1307 1625 1338 unus
1649 1291 1750 1354 post
1772 1292 1963 1338 alterum
1997 1291 2090 1338 faffi
2113 1291 2229 1347 sunt,

246 1354 296 1402 &
321 1354 381 1401 fic
404 1355 559 1403 ordine
582 1357 748 1420 plures,
783 1358 911 1419 quod
940 1358 1039 1420 Ipse
1062 1358 1292 1404 Dominus
1322 1357 1460 1412 effet‘3
1510 1358 1558 1403 &
1577 1357 1664 1402 hoc
1689 1354 1781 1402 fassi
1805 1356 1906 1402 sunt
1928 1371 2079 1403 coram
2104 1357 2232 1403 omni

247 1431 383 1470 caem.
452 1422 591 1468 Tunc
615 1437 798 1485 quoque
819 1423 1048 1475 Dominus
1070 1439 1095 1469 e
1119 1423 1222 1469 Sole
1245 1422 1364 1469 visus
1397 1422 1461 1468 est
1483 1422 1722 1484 Spiritibus
1745 1422 1944 1470 Planetae
1967 1422 2115 1483 Jovis‚
2152 1423 2233 1485 qui

248 1485 480 1535 manifesta
502 1503 616 1535 voce
634 1488 862 1544 dicebant,
903 1489 1030 1552 quod
1055 1487 1153 1552 Ipse
1183 1488 1304 1546 effer,
1345 1489 1501 1546 Quem
1527 1489 1573 1534 in
1597 1487 1784 1536 Tellure
1817 1487 1908 1546 sua,
1949 1503 2058 1536 cum
2096 1503 2234 1552 appa-

248 1553 339 1599 r-uit
361 1553 446 1600 illis
466 1554 591 1601 Deus
612 1553 820 1610 universi,
858 1556 1062 1602 viderant
1084 1560 1130 1615 (s
1132 1555 1171 1611 J.
1195 1598 1197 1600 ,
1444 1594 1446 1596 .
1693 1579 1696 1581 -

316 1635 397 1676 41.
434 1619 659 1682 Qidam,
701 1617 946 1681 postquam.
961 1619 1081 1665 visus
1111 1618 1174 1666 est
1198 1618 1445 1673 Dominus,
1481 1618 1664 1664 deduffi
1699 1618 1800 1664 sunt
1834 1619 1982 1665 versus
2021 1619 2236 1665 anteriora

250 1683 552 1740 dextrorsum,
589 1686 642 1730 ὅτ.
664 1700 770 1730 cum
795 1684 1173 1745 progrederentur
1196 1683 1418 1738 dicebant,
1459 1682 1585 1744 quod
1627 1683 1829 1730 viderent
1867 1685 2045 1731 Lucem
2085 1684 2235 1731 multo

250 1749 486 1797 elatiorem
507 1749 554 1796 δι
581 1750 829 1812 puriorem,
874 1763 1014 1810 quam
1050 1748 1239 1811 usquam
1273 1749 1396 1810 prius
1436 1748 1656 1804 viderant,
1696 1749 1746 1795 &
1779 1749 1906 1811 quod
1945 1747 2090 1810 major
2127 1749 2238 1796 Lux

252 1813 473 1879 nusquam
496 1814 641 1862 videri
679 1826 844 1877 queat:
888 1815 937 1861 &
960 1827 1069 1862 tunc
1102 1827 1195 1862 erat
1226 1814 1298 1861 hic
1339 1826 1519 1877 tempus
1559 1814 1783 1877 vesperae:
1832 1816 1913 1878 qui
1951 1816 1998 1862 id
2031 1814 2238 1862 dicebant

252 1894 378 1930 erant
399 1881 550 1945 plu-res
565 1882 649 1940 (t).
1052 1927 1055 1929 ,
1142 1902 1162 1928 τ,

261 1995 264 1997 ,
322 1964 402 2006 42.
438 1947 684 1995 Sciendum
706 1945 786 2003 est,
825 1944 954 2010 quod
975 1946 1054 1993 Sol
1091 1945 1252 1993 mundi
1289 1944 1465 2009 prorsus
1505 1961 1597 1993 non
1635 1958 1840 2008 appareat
1879 1947 2009 1994 alicui
2048 1947 2237 2010 spiritui,

255 2030 338 2063 nec
367 2013 533 2077 aliquid
566 2014 678 2060 lucis
709 2013 846 2069 inde3
892 2013 971 2060 lux
1007 2013 1124 2060 illius
1163 2011 1264 2059 solis
1302 2011 1366 2060 est
1402 2011 1628 2074 spiritibus
1665 2015 1714 2060 ὅτ
1748 2011 1916 2073 angelis
1961 2014 2074 2059 ficut
2109 2013 2240 2060 densa

2058 2079 2207 2140 caligo
2225 2096 2237 2125 ε

258 2227 954 2344 fidss²s1tQss1⁰f³3ii¹g⁸5q¹7²i723⁶¹3¹7⁶Z
969 2227 1438 2343 ⁶⁰?;2”²7{}¹2‚⁶‘⁶8¹33;’
1469 2226 2241 2338 &25033532121352205553’0353:

259 2357 352 2383 vera
373 2341 466 2383 fidei
483 2341 578 2393 fint,
607 2343 762 2384 tametsi
782 2346 860 2385 hoc
892 2303 934 2383 izi
961 2303 1115 2385 m7undo
1142 2345 1343 2390 nesciunt,
1378 2357 1406 2382 n
1427 2356 1436 2382 :
1458 2355 1584 2397 7790.
1609 2354 1736 2396 7950.

320 2400 386 2456 (s)
419 2399 543 2452 Qod
567 2398 771 2441 Dominus
803 2399 850 2440 fit
883 2399 938 2440 sol
967 2400 1081 2456 coeli,
1117 2413 1168 2440 ex
1191 2413 1272 2453 quo
1304 2398 1436 2440 omnis
1467 2398 1563 2439 Lux
1594 2399 1664 2446 ibi,
1696 2411 1723 2437 n
1749 2411 1758 2437 :
1782 2410 1904 2453 1053.
1941 2399 2070 2454 3636.
2110 2397 2241 2451 4060.

262 2456 317 2498 Et
347 2459 452 2512 quod
477 2457 677 2498 Dominus
711 2458 766 2498 ita
794 2467 976 2510 appareat
1004 2456 1097 2508 illis,
1139 2457 1207 2511 qui
1239 2456 1279 2497 in
1302 2455 1446 2510 Regno
1482 2454 1632 2496 coelesti
1659 2453 1780 2507 Ipsius
1811 2455 1920 2505 sunt,
1960 2456 2026 2496 ubi
2058 2469 2172 2497 amor
2195 2457 2243 2496 in

264 2515 396 2567 Ipsum
420 2524 574 2570 regnat,
611 2528 666 2555 n:
693 2527 815 2570 1521.
844 2527 968 2570 1529·
995 2527 1119 2571 1530.
1149 2526 1272 2569 1531.
1300 2514 1423 2571 1837.
1452 2513 1580 2568 4696.
1645 2510 1768 2564 Qod
1794 2523 1977 2566 appareat
2001 2513 2048 2554 ad
2071 2513 2244 2554 mediam

265 2573 520 2613 altitudinem
551 2573 675 2625 supra.
696 2574 863 2628 planum
899 2571 1006 2613 oculi
1033 2572 1181 2620 dextri,
1220 2585 1273 2612 n:
1297 2583 1425 2627 4321.
1467 2571 1594 2627 7078.
1654 2568 1777 2622 Qod
1820 2571 1910 2611 ideo
1942 2584 2011 2623 per
2042 2570 2164 2612 solem
2201 2570 2243 2610 in

266 2630 407 2671 Verbo
436 2628 681 2684 significetur
701 2624 906 2670 D‘ominus
933 2631 1060 2683 quoad
1086 2628 1287 2670 Divinum
1320 2642 1518 2677 amorem,
1554 2641 1581 2667 n
1600 2640 1610 2666 ε
1628 2639 1754 2682 2495.
1780 2627 1908 2679 4060.
1934 2628 2059 2685 7083.
2120 2626 2242 2681 Qod

266 2687 321 2727 sol
341 2688 483 2729 mnndi
503 2702 587 2728 non
615 2698 798 2741 appareat
828 2686 1028 2740 spiritibus
1059 2687 1100 2727 δι
1123 2686 1289 2740 angeliS,
1323 2686 1385 2726 sed
1421 2686 1513 2726 loco
1533 2686 1617 2741 ejus
1648 2684 1747 2725 ficut
1778 2685 2071 2727 tenebricosum
2101 2684 2193 2740 quid
2221 2697 2244 2723 a

267 2754 381 2797 tergo
412 2759 463 2785 ex
484 2743 665 2798 opposito
691 2745 737 2785 ad
761 2744 895 2786 Solem
916 2744 1010 2784 coeli
1028 2744 1094 2785 seu
1116 2745 1164 2784 ad
1183 2744 1430 2791 Dominum,
1463 2756 1517 2784 n:
1539 2755 1667 2799 9755.
2143 2757 2146 2760 ⁴

326 2801 391 2855 (τ’)
423 2802 547 2855 Qod
567 2801 661 2842 Lux
689 2815 834 2856 magna
862 2801 909 2843 fit
938 2803 977 2842 in
997 2802 1124 2850 coelis,
1159 2815 1249 2856 quae
1278 2801 1410 2841 multis
1430 2800 1614 2855 gradibus
1646 2799 1803 2840 excedit
1833 2798 1973 2849 lucem„
1988 2799 2244 2842 meridianam

270 2858 312 2898 in
334 2868 451 2906 terra,
483 2873 533 2898 n:
560 2873 682 2915 1117.
710 2868 984 2915 1521.’1533.
1013 2860 1121 2915 1619
1152 2860 1198 2899 ad
1227 2859 1349 2914 1632.
1375 2871 1504 2915 4527.
1531 2870 1657 2912 5400.
1682 2858 1808 2910 8644.
1858 2856 1981 2910 Qud
2010 2855 2136 2897 omnis
2152 2854 2245 2896 Lux

271 2915 314 2954 in
343 2913 454 2953 coelis
479 2914 523 2954 fit
555 2930 577 2954 a
599 2916 783 2958 Domino
812 2927 856 2956 ut
883 2918 978 2958 Sole
1004 2917 1074 2966 ibi,
1107 2929 1160 2956 n:
1182 2927 1306 2971 1053.
1333 2929 1457 2970 1521.
1482 2928 1607 2971 3195.
1642 2927 1768 2970 3341.
1803 2911 2080 2974 363673643.
2108 2924 2241 2974 ,4415-

267 2970 400 3026 9548.
425 2971 550 3025 9684-
586 2974 735 3027 10809.
799 2973 922 3026 Qod
958 2972 1157 3015 Divinum
1176 2973 1330 3014 Verum
1363 2974 1580 3026 procedens
1607 2986 1659 3012 ex
1694 2971 1842 3011 Divino
1875 2970 1989 3011 Bono
2020 2966 2159 3007 Divini
2181 2969 2245 3010 A·

273 3029 394 3070 moris
415 3027 585 3067 Domini
618 3040 798 3079 appareat
831 3032 870 3070 in
893 3029 1021 3071 Coelis
1053 3040 1096 3072 ut
1121 3030 1229 3080 Lux,
1257 3029 1296 3070 &
1318 3029 1424 3070 fistat
1445 3044 1609 3070 omnem
1636 3029 1768 3069 lucem
1790 3028 1858 3075 ibi,
1894 3036 2093 3078 n13195·
2118 3037 2244 3079 3222.

275 3097 402 3140 54co.
436 3083 563 3136 8644.
587 3095 712 3138 9399.
739 3087 865 3137 9548.
897 3088 1024 3141 9684.
1086 3085 1211 3138 Quod
1233 3084 1329 3126 Lux
1360 3086 1455 3126 coeli
1485 3087 1684 3126 illuminet
1704 3083 1952 3136 Angelorum
1985 3080 2023 3120 &
2046 3081 2170 3121 visum
2206 3083 2245 3123 &

274 3141 538 3187 inffllefflum,
570 3154 594 3180 n
612 3153 622 3180 2
642 3141 766 3195 2776.
793 3143 918 3195 3138.
980 3145 1103 3193 Quod
1124 3143 1276 3183 coelum
1297 3143 1336 3181 in
1357 3141 1449 3183 luce
1473 3143 1516 3197 ¹&
1540 3143 1672 3184 calore
1691 3140 1844 3181 dicatur
1863 3136 1956 3186 eise,
1995 3139 2099 3190 quod
2127 3139 2246 3195 figni-

273 3200 369 3242 ficet
384 3200 427 3241 in
451 3197 632 3254 sapientia
654 3197 691 3238 ἃ
715 3197 755 3239 in
778 3211 929 3248 amore,
962 3211 1013 3239 n:
1035 3200 1159 3255 3643.
1181 3212 1308 3256 9399.
1340 3211 1467 3253 9401.
