2502 3432
301 173 337 231 8
560 171 672 237 DE
715 173 1316 239 TELLURIBUS
1364 190 1442 242 ru
1485 177 1994 245 UNIVERSO.

368 318 442 361 15·
479 301 645 362 Quum
670 303 861 366 Spiritus
885 303 1103 350 Mercurii
1141 304 1197 351 ad
1221 304 1324 355 alias
1347 304 1574 353 societates
1597 307 1799 366 veniunt,
1840 308 1895 355 ab
1918 308 2002 356 illis
2037 309 2269 386 explorant

297 382 403 427 quae
423 366 580 423 sciunt,
605 370 768 431 quibus
791 368 1029 432 exploratis
1053 369 1288 417 discedunt
1304 388 1322 431 :¹
1353 371 1482 418 datur
1503 374 1638 418 etiam
1659 374 1759 431 ‘talis
1782 374 2137 436 communicatio
2159 378 2272 425 inter

294 431 487 493 spiritus,
528 435 752 496 imprimis
777 435 888 482 inter
910 435 1132 498 Angelos,
1151 456 1155 463 ·
1173 440 1224 482 'ut
1247 451 1353 482 cum
1378 436 1424 482 in
1448 436 1648 485 societate
1672 437 1788 495 sunt,
1827 438 1859 486 fi
1882 443 2050 503 accepti
2083 441 2185 489 sunt
2218 443 2270 491 δι’

297 499 446 553 amati,
477 501 871 546 communicentur
891 503 1045 546 omnia
1077 516 1182 563 quae
1214 514 1382 548 norunt
1403 502 1482 561 (l).

374 563 441 609 16.
481 564 553 611 Ex
576 565 910 627 cognitionibus
944 565 1029 612 suis
1053 564 1157 612 sunt
1185 565 1364 629 spiritus
1388 567 1606 614 Mercurii
1642 582 1738 631 prae
1769 568 1862 616 aliis
1885 568 2057 618 fastuofi
2081 593 2094 627 ;
2135 587 2271 634 quare

297 626 384 674 illis
417 628 590 693 dictum
611 631 691 686 est,
730 631 873 693 quod,
899 630 1000 677 licet
1024 632 1068 676 in
1094 646 1276 677 numera
1299 631 1456 689 sciunt,
1493 631 1629 695 usque
1659 646 1808 693 tamen
1845 635 2017 682 infinita
2050 638 2276 699 sint-quae

296 708 390 739 non
413 692 586 749 sciunt3
629 698 677 742 &
711 696 744 741 st
766 697 1057 759 cognitiones
1085 695 1204 757 apud
1243 695 1345 745 illos
1379 698 1425 742 in
1461 702 1682 744 'aetcrnum
1720 712 2002 761 augerentur,
2034 703 2178 766 quod·
2214 719 2272 750 ne

296 759 484 819 quidem
526 761 570 806 in
595 762 800 807 notitiam
836 761 1056 821 omniumr
1076 761 1580 810 communiumve‘nire
1615 774 1780 824 queant
1797 781 1820 810 :ff
1841 766 1982 828 quod
2013 767 2099 813 illis
2134 764 2272 814 fastui.

298 825 348 869 ὅτ.
370 824 502 871 elatio
523 826 677 881 animi,
702 825 876 871 dictum
900 824 979 881 est,
1004 825 1054 871 δε
1075 825 1201 887 quod
1226 824 1311 872 hoc
1334 835 1424 873 non
1446 822 1635 881 deceat;
1682 826 1755 874 sed
1779 828 2272 895 responderunt,‘quod

297 904 388 935 non
415 888 547 936 fastus
582 890 650 947 fit,
693 890 764 937 sed
800 890 942 938 modo
978 890 1187 953 gloriatio
1224 906 1279 939 ex
1305 892 1536 940 memoriae
1575 891 1664 940 suae
1706 890 1949 943 facultate:
1996 897 2056 943 ita
2092 897 2273 959 pofl‘unt

300 969 455 1001 naevos
481 955 578 1002 suos
600 955 887 1020 exsculpare.‘
1552 983 1555 988 ·
1723 1017 1727 1021 ῃ
1778 975 1794 988 “

373 1036 443 1083 17.
484 1022 690 1085 Loquela
713 1032 899 1078 vocum,
939 1024 1046 1086 quia
1069 1022 1141 1069 illa
1165 1023 1508 1081 materialis-est,
1542 1022 1810 1083 aversantur,
1850 1041 1987 1089 quare
2021 1041 2134 1074 cum
2166 1026 2271 1085 illis,

299 1099 406 1132 cum
446 1086 607 1149 absque
630 1087 852 1150 spiritibus
885 1089 1174 1144 intermediiS,
1218 1105 1307 1136 non
1346 1090 1470 1150 aliter
1491 1105 1628 1152 quam
1657 1106 1743 1152 -per
1765 1090 1955 1152 speciem
1988 1092 2275 1154 cogitationis

298 1152 456 1214 fflivae
481 1151 605 1215 loqui
629 1155 770 1216 potui.
840 1154 1067 1202 Memoria
1086 1154 1284 1217 illorum,
1328 1157 1434 1217 quia
1456 1154 1520 1202 est
1542 1170 1709 1212 rerum,
1754 1162 1846 1202 non
1872 1157 2131 1218 *imaginum
2161 1157 2273 1219 pure

296 1218 616 1275 materialium,
654 1221 841 1282 vpropius
875 1218 1187 1270 subministrat
1210 1220 1474 1281 cogitationi
1512 1218 1684 1282 objecta
1722 1219 1796 1268 sua
1815 1243 1833 1276 0,
1876 1221 2106 1282 cogitatio·
2127 1222 2271 1278 enim,

294 1298 402 1343 quae
438 1282 570 1345 -supra
604 1285 971 1346 imaginationem
1009 1284 1089 1339 est,
1136 1286 1335 1345 requirit
1357 1295 1441 1346 pro
1473 1283 1658 1345 objectis
1687 1300 1759 1332 res
1797 1301 1823 1331 a
1862 1285 2170 1345 materialibus·
2195 1286 2280 1332 ab·

296 1347 503 1395 stractas:
551 1349 625 1395 sed
650 1350 818 1395 tam'etfi
842 1350 902 1395 ita
924 1348 1006 1404 est,
1046 1348 1183 1410 usque
1223 1360 1390 1394 tamen>
1414 1347 1588 1410 spiritus
1612 1350 1835 1395 Mercurii
1869 1362 2028 1411 parum
2066 1348 2272 1398 facultate

290 1410 452 1474 judicii
492 1413 697 1476 pollent·,
744 1414 890 1467 rebus,
923 1427 1028 1474 quae
1057 1410 1222 1474 judicii
1246 1412 1362 1468 sunt,
1402 1428 1452 1459 ac
1475 1412 1812 1460 conclusionum
1837 1429 1893 1461 ex
1909 1414 2267 1478 cognitionibus,

297 1492 388 1524 non
413 1477 683 1525 delectantur
704 1499 719 1533 ·,
761 1479 858 1524 sunt
881 1480 1004 1524 enim
1030 1478 1168 1524 nudae
1191 1479 1471 1540 cognitiones
1495 1478 1580 1524 illis
1604 1478 1898 1526 delectationi.
1916 1486 1936 1540 j
2087 1485 2091 1539 j
2187 1482 2189 1486 '
2267 1506 2270 1508 ·

372 1547 441 1591 18.
482 1543 730 1591 Dicebatur
751 1544 857 1599 illis,
897 1559 1044 1590 annon
1077 1558 1133 1588 ex
1161 1543 1496 1604 cognitionibus
1520 1542 1609 1588 suis
1640 1543 1989 1605 aliquem‘usum
2008 1543 2152 1593 facere
2169 1547 2271 1594 'vel-

298 1608 406 1662 lent,
441 1624 543 1655 nam
568 1609 772 1655 delectari
795 1606 1129 1670 cognitionibus
1153 1623 1242 1653 non
1266 1607 1365 1653 satis
1387 1607 1468 1661 est,
1500 1609 1606 1667 quia
1625 1609 2128 1670 cognitiones-*spectant
2149 1611 2270 1668 usus,

296 1674 347 1719 ὅτ.
373 1671 475 1718 usus
513 1686 643 1719 erunt
667 1673 776 1719 fines
797 1694 814 1727 ·,
853 1687 911 1718 ex
933 1671 1032 1718 solis
1065 1670 1399 1732 cognitionibus
1434 1684 1527 1716 non
1548 1669 1635 1716 illis
1667 1671 1731 1717 est
1765 1672 1883 1727 usus,
1922 1671 1994 1719 sed
2031 1673 2125 1720 aliis
2162 1691 2272 1722 cum

296 1738 464 1800 quibus
502 1739 780 1800 cognitiones
805 1735 897 1783 suas
931 1737 1263 1782 communicare
1285 1735 1443 1788 velint,
1482 1735 1532 1781 ὅτ
1553 1735 1679 1797 quod
1719 1752 2000 1800 nequaquam
2034 1742 2274 1788 conveniat

298 1803 489 1860 homini,
529 1805 610 1865 qui
635 1802 799 1865 sapiens
823 1801 924 1848 vult
945 1801 1046 1851 effe,
1085 1801 1128 1845 in
1170 1799 1273 1846 solis
1312 1799 1644 1862 cognitionibus
1679 1799 1919 1865 subfistere,
1948 1804 2148 1865 quiahae
2171 1807 2274 1852 sunt

300 1867 931 1916 modo-causaeadministrae
964 1864 1237 1912 inserviturae
1274 1865 1535 1927 indagandis
1569 1865 1698 1912 rebus
1734 1882 1839 1928 quae
1860 1868 1971 1914 vit-ae'
1991 1881 2154 1928 erunt:
2196 1869 2274 1928 [ed

300 1927 662 1999 responderunt,
691 1933 818 1997 quod
864 1932 1138 1998 delectentur
1185 1930 1538 1997 cognitionibus,
1569 1932 1637 1998 3&
1682 1932 1808 1994 quod
1858 1934 2142 1998 cognitiones
2184 1935 2282 1982 inis*

299 2000 523 2055 usus-[int.
728 2007 734 2010 ’
875 2031 929 2035 -
1227 2015 1244 2035 ³-
1302 2023 1318 2034 ·-
1392 2027 1401 2036 ·
1477 2008 1507 2034 Τ
1583 2010 1588 2013 ’
1778 2006 1785 2011 '

373 2083 443 2131 19.
480 2067 687 2125 Quidam
725 2068 863 2116 etiam
899 2081 955 2114 ex
983 2065 1068 2113 illis
1092 2080 1180 2113 non
1204 2067 1368 2113 volunt
1390 2079 1595 2129 apparere
1618 2075 1669 2112 ut
1693 2063 1913 2121 homines,
1960 2063 2072 2111 ficut
2094 2062 2273 2125 spiritus

299 2131 483 2179 aliarum
503 2132 760 2190 Tellurum,
786 2133 858 2180 fed
882 2146 932 2180 ut
955 2131 1081 2195 globi
1105 2132 1387 2194 Chrystallini
1408 2153 1422 2187 3
1460 2131 1585 2194 quod
1609 2132 1670 2176 ita
1691 2145 1897 2193 apparere
1919 2128 2076 2184 velint,
2100 2130 2275 2175 tametsi

299 2213 392 2244 non
422 2210 650 2261 apparent,
694 2198 756 2246 est
789 2198 1207 2262 quia-cognitiones
1233 2213 1381 2245 rerum
1422 2195 1783 2258 immaterialium
1822 2193 2188 2258 repraesentantur
2226 2196 2275 2242 in

298 2263 431 2311 altera
455 2266 550 2310 <vita
572 2281 650 2327 per
674 2264 940 2326 Cbrystalla,
1052 2271 1056 2275 “
1420 2270 1422 2272 ’
1618 2269 1621 2270 ’
1692 2269 1694 2271 ’

369 2346 446 2377 20.
485 2330 710 2379 Mercurii
743 2330 920 2392 spiritus
954 2330 1170 2377 differunt
1201 2328 1450 2392 prorfusa
1484 2327 1708 2389 spiritibus
1731 2325 1901 2375 *nostrae
1937 2325 2123 2384 telluris,
2168 2339 2275 2372 nam

299 2395 475 2458 spiritus
501 2394 661 2440 nostrae
682 2394 847 2439 telluris
876 2409 943 2439 res
966 2397 1140 2454 nonita
1162 2402 1335 2448 curant,
1370 2393 1443 2440 sed
1468 2393 1947 2453 mundana,³'corporea
1969 2392 2018 2437 δε
2042 2389 2274 2445 terrestria,

299 2476 405 2523 quae
435 2459 534 2507 sunt
572 2459 807 2506 materialia
829 2481 856 2519 ·,
881 2466 1158 2522 quapropter
1182 2459 1400 2506 Mercurii
1428 2456 1608 2519 spiritus
1639 2465 1746 2503 'cum
1788 2455 1950 2503 nostrae
1988 2455 2154 2502 telluris
2187 2455 2276 2517 spi·

302 2525 460 2572 ritibus
501 2540 590 2572 non
624 2524 755 2573 fimul
791 2525 876 2572 'effe
916 2525 1110 2587 poffunt,
1154 2525 1255 2571 ideo
1295 2523 1552 2583 ubicunque
1586 2522 1666 2568 hos
1698 2521 1952 2578 offendunt,
1997 2519 2273 2583 aufugiunt;

300 2592 486 2654 sphaerae
520 2592 641 2637 enim
665 2590 924 2653 spirituales,
961 2606 1066 2654 quae
1087 2606 1145 2637 ex
1179 2588 1374 2651 utrisque
1402 2587 1681 2643 exhalantur,
1728 2586 1827 2633 sunt
1860 2602 1990 2649 paene
2026 2586 2274 2633 contrariae.

301 2658 493 2719 Spiritus
519 2657 740 2703 Mercurii
762 2660 807 2703 in
831 2672 908 2702 ore
933 2654 1101 2712 ferunt,
1137 2656 1263 2718 quod
1289 2669 1378 2702 non
1413 2651 1763 2717 spectarelvelint
1786 2654 2013 2714 vaginam,
2054 2651 2127 2698 sed
2151 2666 2216 2698 res
2248 2665 2275 2695 a

299 2723 461 2784 vagina
484 2722 555 2769 sua
579 2722 789 2778 nudatas,
817 2723 875 2769 ita
898 2723 1115 2768 interiora.
1244 2755 1246 2757 -
1312 2731 1314 2733 ’
1531 2750 1558 2754 --
1604 2725 1607 2728 ”
1962 2725 1964 2727 ’
2031 2724 2034 2729 ’
2197 2730 2217 2745 “·
2249 2767 2274 2786 Ι,

368 2797 444 2834 21.
477 2787 735 2851 Apparebat
758 2789 939 2836 flamma
971 2787 1070 2834 satis
1096 2786 1293 2834 candida
1316 2787 1503 2848 flagrans
1542 2784 1660 2839 laete,
1698 2785 1746 2831 &
1769 2783 1856 2831 hoc
1891 2798 1972 2846 per
1995 2783 2286 2854 'aliquantum'

301 2850 460 2906 horae3
503 2854 683 2900 flamma
714 2854 789 2901 illa
811 2853 1087 2915 significabat
1121 2854 1368 2904 adventum
1404 2851 1642 2914 spirituum
1671 2849 1906 2906 Mercurii,
1945 2850 2025 2911 qui
2058 2849 2275 2955 ἱιιάρειέι-

2137 2924 2191 2954 en
2227 2924 2274 2965 o,

1790 3049 1951 3099 uoniam
1970 3048 2082 3096 amor
2102 3049 2270 3095 coelestis

360 3063 416 3119 (l)
449 3061 570 3115 Qod
602 3063 642 3103 in
667 3065 776 3103 coelis
810 3066 925 3106 detur
953 3065 1270 3106 communicatio
1297 3060 1482 3111 omnium
1515 3060 1733 3109 bonorum,
1881 3111 1946 3155 fl·
1975 3111 2004 3154 ‘t

443 3120 446 3124 '
1898 3125 1985 3154 eici
2005 3124 2062 3162 as,
2097 3125 2123 3153 n
2143 3125 2153 3153 z
2174 3123 2291 3173 549...

298 3122 576 3161 communicat
610 3121 747 3162 omnia
787 3121 853 3159 sua
884 3135 978 3161 cum
1005 3123 1123 3170 aliis;
1170 3122 1340 3174 &equod
1372 3120 1464 3162 inde
1492 3119 1566 3160 illis
1598 3118 1700 3180 sapie

303 3189 706 3234 55o.1390.1391.
742 3189 867 3231 1399.
904 3190 1057 3234 10130.
1097 3190 1248 3233 10723.
1617 3191 1653 3197 ·’
