2508 3432
503 139 616 190 ET,
660 114 1401 208 u.J.·ns.Doc·1·121u¹A
1449 108 1928 190 Coanz‘s‘rr.
2131 118 2225 191 24

227 249 346 312 veri,
384 265 539 319 quare
561 244 787 299 voluntas
820 259 925 294 non
948 239 1048 291 dici
1070 238 1231 308 potest
1254 239 1318 289 de
1342 237 1496 299 ma10,
1533 254 1626 289 nec
1662 234 1939 289 intelleehxs
1976 229 2039 282 de
2075 225 2218 288 falfi),

229 324 347 394 quia
371 319 592 393 oppofita
614 319 743 379 sunt,
781 317 834 371 ὅτ,
858 311 1143 384 oppofitum
1180 311 1419 362 destruit:
1458 311 1574 363 inde
1614 309 1702 372 est,
1740 306 1876 379 quod
1920 304 2082 358 homo
2125 300 2216 372 qui

227 397 281 447 in
308 395 445 448 malo
469 397 522 446 δε
546 392 662 444 inde
683 388 804 442 falso
841 387 929 448 est,
969 404 1071 437 non
1113 384 1213 436 dici
1255 382 1401 455 poffit
1443 383 1706 442 rationaliS,
1744 382 1929 451 sapiens
1968 379 2022 430 δι
2060 374 2211 428 intel-

229 469 420 539 ligens:
457 468 607 519 etiam
634 462 767 533 apud
805 460 964 511 malos
978 513 983 519 ,
999 458 1160 510 clausa
1196 457 1307 509 sunt
1343 455 1572 508 interiora
1608 472 1720 523 quae
1744 454 1933 505 Mentis
1957 453 2084 513 sunt,
2122 447 2212 500 ubi

227 541 558 613 principaliter
601 535 810 588 refident
846 536 1072 585 voluntas
1110 533 1163 583 δε
1201 530 1494 582 intellectus».
1569 528 1800 579 Creditur
1836 526 1961 577 ficut
1983 526 2212 576 voluntas

227 617 281 666 δε
321 614 593 667 intellectus
642 608 785 660 malis
832 607 984 662 etiam
1027 604 1137 667 fint,
1190 604 1311 676 quia
1356 603 1531 655 dicunt
1578 599 1718 673 quod
1767 598 1925 650 velint
1972 599 2023 648 δε
2072 594 2212 668 quod

228 686 516 756 intelligant,
552 683 635 735 sed
679 681 805 733 velle
847 697 1025 733 eorum
1063 679 1134 730 est
1173 677 1331 730 modo
1368 693 1568 747 cupere,
1616 693 1676 728 ac
1720 671 1993 744 intelligere
2034 687 2212 722 eorum

226 747 309 813 est¹
334 757 490 812 modo
527 756 661 810 scire.

453 1155 458 1160 »
544 1087 704 1185 ΕΧ
757 1079 1195 1184 Arcani-s
1242 1072 1864 1183 Coelestibus.

234 1312 310 1360 34.
487 1294 654 1343 UOD
688 1294 809 1341 Vera
856 1290 1099 1356 spiritualia
1137 1308 1228 1341 non
1274 1289 1597 1355 comprehendi
1640 1290 1823 1354 poffint,
1872 1286 1954 1334 nifi
1995 1285 2217 1350 sequentia

354 1409 359 1413 ,
521 1361 617 1407 haec
642 1360 1005 1408 Umvzasaua
1028 1360 1218 1408 sciantur
1238 1382 1253 1416 ·,
1283 1359 1322 1406 Ι.
1347 1358 1494 1422 Qod
1516 1359 1672 1404 omnia
1694 1357 1742 1402 in
1763 1350 1991 1403 Univesso
2024 1352 2066 1399 se
2104 1351 2217 1400 refe-

275 1482 279 1486 1
495 1463 497 1465 .
528 1437 626 1472 rant
662 1426 720 1471 ad
754 1426 935 1472 Bonum
977 1426 1028 1482 δι
1062 1425 1258 1481 Verum,
1293 1427 1343 1471 ὅτ
1380 1424 1437 1470 ad
1479 1421 1846 1485 conjunffionem
1884 1418 2131 1482 utriusque,
2165 1429 2219 1466 ut

234 1491 318 1538 fint
339 1487 509 1552 aliquid
526 1512 541 1543 ;
575 1492 634 1536 ita
657 1490 713 1548 ad
737 1492 961 1536 Amorem
986 1493 1033 1534 δι
1055 1490 1239 1542 Fidem,
1273 1491 1323 1533 &
1346 1504 1503 1532 eorum
1529 1485 1913 1546 conjunctionem.
1982 1484 2044 1531 11.
2069 1483 2218 1546 Quod

233 1551 355 1619 apud
377 1555 608 1601 hominem
633 1553 687 1598 fit
708 1552 934 1598 Voluntas
954 1553 1004 1598 δε
1028 1551 1298 1604 ΙοῐεΗεᾶυε,
1334 1552 1382 1596 &
1406 1549 1534 1611 quod
1558 1549 1784 1595 Voluntas
1807 1548 1862 1594 fit
1883 1549 2220 1610 receptaculum

232 1620 366 1674 Boni,
398 1634 451 1664 ac
489 1615 747 1663 Intellectus
786 1614 1118 1676 receptaculum
1140 1614 1269 1668 Veri,
1302 1615 1353 1658 ὅτ
1388 1613 1517 1675 quod
1554 1614 1709 1658 omnia
1747 1613 1804 1658 ad
1841 1612 1945 1658 bina
1985 1612 2062 1658 illa
2093 1612 2218 1675 apud

215 1683 464 1731 ‘homiroem
489 1681 531 1727 se
551 1677 762 1735 referant,
793 1679 844 1725 διε
866 1678 923 1724 ad
945 1675 1313 1738 coniunckionem
1342 1676 1545 1732 illorum,
1579 1676 1693 1723 ficut
1712 1678 1868 1723 omnia
1888 1676 1947 1723 ad
1969 1676 2144 1724 bonum
2166 1677 2220 1725 δι’

232 1763 393 1796 verum
431 1761 482 1797 ac
518 1761 678 1793 eorum
715 1741 1097 1807 conjimffiouem.
1166 1743 1248 1791 111.
1284 1742 1432 1807 Qod
1456 1742 1622 1789 Homo
1644 1742 1852 1790 Internus
1886 1741 1942 1789 fit
1981 1744 2030 1790 δε
2053 1742 2220 1790 Exter-

233 1830 336 1871 nus,
368 1813 419 1860 ὅτ
451 1811 578 1876 quod
617 1811 681 1859 illi
720 1811 835 1857 inter
868 1808 911 1856 se
948 1809 1144 1856 distincti
1180 1809 1269 1856 sint
1300 1809 1415 1856 ficut
1436 1808 1629 1856 Coelum
1659 1809 1711 1856 δι
1735 1808 1963 1865 Mundus,
1997 1809 2046 1856 &
2071 1820 2224 1856 tamen

234 1878 361 1943 quod
400 1893 544 1928 uuum
582 1876 771 1924 debeant
804 1874 966 1932 facere,
999 1889 1054 1923 ut
1074 1876 1216 1924 homo
1235 1875 1293 1923 fit
1310 1891 1415 1923 vere
1448 1873 1606 1923 homo.
1678 1875 1760 1922 IV.
1796 1875 1944 1933 Quod
1966 1875 2077 1922 Lux
2099 1875 2226 1922 Coeli

235 1947 293 1994 fit
310 1946 358 1991 in
375 1960 470 2007 qua
489 1945 696 1993 latemus
715 1942 860 1993 homo
891 1941 976 1998 est,
1009 1943 1058 1990 &
1080 1941 1193 1990 Lux
1214 1940 1382 1990 mundi
1401 1942 1447 1989 in
1470 1957 1564 2005 qua
1581 1941 1839 1989 Exoernus:
1875 1941 1926 1988 ὅτ
1962 1940 2088 2004 quod
2111 1941 2223 1997 Lux

237 2010 362 2057 Coeli
404 2009 459 2056 fit
497 2008 643 2072 ipsum
680 2009 910 2060 Divinum
941 2008 1137 2066 Verum,
1169 2023 1227 2055 ex
1267 2023 1364 2071 quo
1404 2009 1558 2055 omnis
1594 2007 1905 2070 intelligentia.
1974 2007 2035 2053 V.
2072 2006 2225 2065 Quod

238 2075 351 2123 inter
387 2074 492 2129 illa,
542 2089 650 2137 qua:
701 2076 751 2122 in
789 2075 970 2123 Interno
1021 2075 1072 2122 δι·
1125 2090 1232 2138 quae
1283 2076 1330 2121 in
1367 2074 1571 2122 Externo
1609 2073 1792 2121 homine
1835 2072 1967 2129 sunt,
2015 2072 2069 2120 fit
2106 2074 2224 2120 Cor-

198 2177 204 2181 ·
234 2139 558 2203 respondentia,
593 2140 641 2187 ἃ.
664 2139 791 2204 quod
814 2140 921 2188 inde
944 2140 1167 2188 utrobivis
1190 2139 1272 2189 sub
1292 2140 1374 2188 alia
1396 2141 1539 2204 specie
1567 2151 1822 2203 appareant,
1856 2138 1996 2202 usque
2024 2139 2137 2186 adeo
2170 2152 2224 2186 ut

237 2219 331 2257 non
363 2204 798 2269 dignosmnur'nifi
834 2222 916 2269 per,
947 2206 1174 2254 scientiam
1196 2205 1703 2269 correspondentiamm.
1774 2204 1875 2252 Nifi
1898 2204 1995 2251 haec
2018 2205 2067 2251 ὅτ
2093 2205 2223 2267 plura

237 2269 320 2329 2552
341 2269 554 2326 sciuntur,
588 2287 680 2318 non
715 2271 897 2334 poffuut
924 2272 1038 2319 ideae
1068 2272 1125 2319 de
1148 2273 1460 2336 Spiritualibus
1487 2273 1537 2320 δι
1560 2270 1832 2319 Coelcstibus
1855 2270 1934 2317 nifi
1958 2272 2225 2332 incongruae

238 2335 336 2396 capi
375 2337 426 2382 &
470 2334 685 2388 formari·,
733 2336 784 2380 ὅτ,
822 2337 885 2382 fic
925 2337 1163 2386 scientifica
1200 2340 1250 2385 &
1289 2339 1591 2401 cognitiones,
1637 2354 1744 2400 quae
1779 2337 1968 2384 Externi
2005 2338 2223 2392 hominis,

235 2399 397 2465 absque
422 2397 759 2449 universalibus
783 2399 886 2454 illis,
921 2415 1083 2461 parum
1122 2403 1304 2463 poffunt
1340 2402 1547 2448 inservire
1569 2403 1793 2450 Rationali
1816 2403 1989 2448 homini
2013 2402 2066 2447 ad
2092 2402 2223 2447 intel-

239 2465 405 2526 lectum
427 2465 478 2513 ὅτ
500 2465 844 2512 incrementum.
901 2465 1012 2512 Inde
1035 2476 1174 2527 patet,
1208 2481 1346 2527 quam
1369 2467 1596 2511 necefl‘aria
1618 2466 1719 2512 sunt
1742 2466 1989 2512 scientifica.
2042 2467 2114 2512 De
2135 2466 2225 2513 illis

240 2529 582 2589 Universalibus
604 2531 650 2577 in
675 2530 867 2591 Arcanis
886 2529 1159 2591 Coelestibus
1173 2531 1343 2593 pluries
1364 2531 1514 2577 actum
1535 2529 1612 2576 est.

307 2612 384 2658 35.
430 2596 578 2658 Quod
614 2596 736 2645 bime
771 2595 1021 2645 facultates
1062 2596 1234 2644 homini
1274 2597 1375 2653 sint,
1418 2612 1505 2643 una
1542 2611 1648 2659 quae
1683 2608 1871 2644 vocatur
1892 2594 2132 2652 Voluntas,
2166 2596 2219 2643 δε

240 2659 800 2722 ἀᾶταςυεεᾷωώῑεᾶυε,
833 2677 899 2723 ηρ
933 2678 1014 2723 35.
1049 2666 1160 2719 641.
1197 2662 1341 2724 3623.
1376 2678 1522 2727 3939.
1550 2677 1719 2710 10122.
1786 2659 1935 2723 Quod
1973 2660 2094 2708 binae
2130 2661 2222 2709 illae

242 2724 471 2775 facultates
504 2723 663 2785 faciant
695 2725 845 2788 ipsum
873 2726 1124 2783 hominem,
1160 2745 1222 2775 n:
1253 2732 1425 2790 10076.
1450 2743 1622 2792 10109.
1647 2742 1819 2777 10110.
1843 2727 2017 2785 10264„
2043 2732 2218 2788 10284.

244 2790 388 2851 Quod
423 2789 564 2836 bomo
594 2791 691 2837 talis
725 2791 794 2846 fit,
828 2792 981 2854 quales
1010 2794 1129 2840 binae
1163 2794 1251 2840 illae
1277 2793 1507 2841 facultates
1540 2793 1662 2856 apud
1685 2792 1817 2841 illum
1837 2791 1958 2850 sunt,
1991 2809 2021 2838 n
2040 2810 2217 2858 ·.7342.

246 2858 387 2919 8885.
413 2861 557 2919 9282.
583 2856 751 2914 10264.
774 2862 943 2918 10284.
1013 2859 1156 2915 Quod
1187 2875 1266 2922 per
1296 2859 1388 2905 illas
1414 2860 1549 2907 etiarn
1581 2860 1724 2906 homo
1753 2857 2054 2921 distinguatur
2086 2875 2112 2906 a
2140 2859 2218 2906 be-

246 2919 355 2976 stiis,
384 2936 443 2968 ex
474 2920 599 2968 causa
635 2921 742 2983 quia
776 2923 1030 2970 lmeneaus
1066 2924 1263 2971 hominis
1302 2925 1464 2972 elevari
1500 2924 1645 2988 potest
1678 2941 1705 2972 a
1725 2925 1948 2981 Domino,
1984 2925 2033 2970 ὅτ
2067 2923 2222 2971 videre

242 2985 359 3055 Vera
389 2987 571 3041 Divina,
608 2987 767 3048 pariter
789 2987 1009 3035 Voluntas
1044 2990 1093 3036 δε
1131 2990 1356 3053 percipere
1387 2992 1512 3038 Bona
1535 2992 1718 3048 Divina,
1752 2992 1802 3038 δι
1834 2990 1895 3037 fic
1930 2990 2071 3037 homo
2105 3006 2215 3038 con·

234 3052 378 3114 jungi
409 3052 615 3100 Domino
656 3067 736 3115 per
778 3052 899 3101 binas
944 3053 1038 3103 suas
1081 3055 1310 3106 facultates
1353 3071 1459 3120 quae
1504 3054 1673 3106 faciunt
1715 3056 1863 3115 illum,
1908 3055 2029 3106 secus
2070 3069 2223 3103 autem

2051 3120 2225 3179 bestiae,
