2508 3432
574 156 686 198 11⁹1·-
727 146 909 208 Μῦς
955 131 1418 194 Dec-mum
1466 128 1920 193 Contsssrr.
2118 139 2247 201 103

212 287 219 293 ·
322 259 469 324 Quod
511 258 654 307 homo
691 272 776 322 per
811 256 1097 313 tentationes,
1131 254 1178 303 in
1215 254 1383 320 quibus
1410 253 1572 311 vincit,
1609 254 1714 302 mali
1748 252 1927 317 spiritus
1959 249 2254 314 depriventur

253 329 454 393 potentia
483 325 668 374 ulterius
689 333 848 371 contra
866 321 1000 368 illum
1024 320 1206 385 agendi,
1242 336 1305 368 n:
1331 320 1471 384 1695.
1503 334 1640 381 1717.
1712 319 1858 378 Quod
1883 315 2062 366 Inferna
2096 325 2254 364 contra

251 395 370 451 illos,
405 392 487 458 qui
523 390 787 440 tentationes
814 388 924 451 paffi
955 386 1057 435 sunt
1081 389 1130 436 δι
1151 387 1378 443 vicerunt,
1412 401 1505 432 non
1542 386 1686 434 aufint
1721 385 1973 448 exsurgere,
2009 399 2076 431 n:
2104 381 2195 432 218
2204 395 2251 443 3.

256 463 463 588 gzffliod
501 521 603 588 post
637 518 921 577 tentationes,
954 519 1002 566 in
1034 517 1200 581 quibus
1233 517 1378 567 homo
1396 516 1526 573 vicit,
1563 515 1616 563 fit
1651 515 1875 577 gaudium
1912 515 2158 562 oriundum
2190 526 2249 559 ex

247 590 564 655 conjunctione
582 586 694 635 boni
715 586 766 634 δε
788 586 902 646 veri,
937 584 1113 632 tametfi
1148 584 1294 632 homo
1327 581 1466 631 nescit
1500 581 1631 647 quod
1668 581 1892 644 gaudium
1918 593 2027 627 tunc
2052 580 2155 627 inde
2179 578 2249 633 fit,

246 675 307 706 n:
329 673 475 722 4572.
501 655 646 718 6829.
719 651 863 714 Quod
901 664 1012 699 tunc
1047 649 1283 698 illustratio
1316 651 1413 698 veri
1451 649 1581 713 quod
1621 647 1745 702 fidei,
1780 647 1831 695 ὅτ,
1871 649 2101 710 perceptio
2143 644 2251 691 boni

245 725 373 790 quod
410 721 593 777 auroris,
645 736 720 767 n:
760 717 905 782 8367.
945 720 1088 782 8370.
1159 717 1306 778 Quod
1352 716 1458 764 inde
1499 717 1542 763 ei
1589 713 1885 778 intelligentia
1931 714 1979 759 δε
2026 710 2250 774 sapientia,

250 807 280 838 n
305 807 318 838 ε
346 789 488 855 8966.
515 787 659 851 8967.
728 784 877 851 Qod
896 800 1000 832 vera
1031 782 1136 848 post
1169 784 1439 832 tentationes
1467 780 1743 830 immensum
1777 778 1989 835 crescant,
2025 793 2082 824 n:
2109 776 2248 838 6663.

235 857 316 904 -Et
334 855 461 919 quod
484 854 657 902 bonurn
682 853 850 916 primas
871 863 993 916 agat,
1029 852 1103 898 seu
1125 851 1278 914 primo
1299 850 1405 898 loco
1427 849 1496 906 fit,
1532 864 1584 896 ac
1602 863 1763 895 verum
1786 845 2057 902 secundo,⁴n
2074 860 2086 890 :
2104 858 2251 905 5773.

247 921 316 970 Et
345 921 473 985 quod
499 921 643 967 homo
675 918 827 983 quoad
850 918 1087 966 Internum
1117 916 1391 982 spiritualem
1429 916 1665 964 hominem
1698 915 1746 961 in
1778 912 2008 963 societates
2030 909 2253 973 angelicas

249 989 540 1044 immittatur,
575 987 636 1033 ita
656 987 702 1033 in
726 984 921 1041 coelum,
956 1000 986 1032 n
1007 1001 1018 1031 z
1040 984 1128 1032 661
1146 1002 1183 1033 1.

306 1054 463 1117 Qod
502 1068 606 1100 vera
643 1067 753 1099 cum
793 1050 940 1109 bonis»,
990 1061 1232 1115 antequam
1279 1049 1423 1098 homo
1462 1047 1579 1097 subit
1621 1045 1907 1103 tentationes,
1953 1043 2075 1107 apud
2118 1042 2253 1104 illum

250 1119 296 1168 in
342 1119 550 1167 ordinem
595 1116 888 1180 disponantur
925 1133 952 1164 a
989 1117 1218 1173 Domino,
1269 1129 1322 1163 ut
1366 1115 1501 1164 resisti
1544 1115 1679 1179 posiit
1725 1112 1855 1161 malis
1892 1111 1942 1158 &
1984 1108 2102 1157 falsis
2146 1123 2254 1171 quae

251 1185 373 1249 apud
411 1184 543 1232 illum
581 1183 639 1231 ab
674 1182 878 1241 inferne,
902 1182 954 1230 &
981 1183 1249 1240 excitantur,
1285 1199 1351 1231 n:
1380 1187 1523 1246 8131.
1595 1181 1743 1245 Qod
1765 1179 1999 1227 Dominus
2031 1178 2077 1223 in
2112 1188 2252 1222 tenta·

251 1251 449 1299 tionibus
481 1249 723 1314 prospiciat
757 1250 950 1306 bonum,
986 1249 1091 1298 loco
1129 1250 1256 1314 quod
1293 1247 1528 1296 infernales
1564 1247 1743 1312 spiritus
1782 1245 2018 1293 intendant
2059 1242 2251 1306 malum,

250 1332 313 1364 n:
340 1316 482 1381 6574.
552 1316 699 1374 Quod
723 1317 955 1363 Dominus
982 1331 1083 1364 vera
1104 1332 1213 1364 cum
1238 1316 1369 1364 bonis
1391 1315 1493 1379 post
1527 1314 1796 1362 tentationes
1830 1313 1877 1359 in
1914 1325 2091 1359 novum
2130 1307 2254 1356 ordi·

253 1397 360 1430 nem
401 1383 589 1447 redigat,
639 1382 690 1429 &
731 1382 937 1445 disponat
972 1383 1019 1429 in
1059 1381 1256 1430 formam
1302 1382 1555 1438 coelestem,
1604 1396 1671 1428 n:
1704 1380 1879 1442 10685.
1950 1376 2099 1434 Quod
2139 1376 2253 1423 inte-

254 1448 371 1495 riora
413 1448 611 1494 hominis
654 1447 889 1507 spiritualis
934 1446 1143 1508 disposita
1188 1448 1275 1493 sint
1316 1449 1363 1492 in
1407 1447 1605 1492 formam
1649 1443 1901 1500 coelestem,
1957 1443 2165 1489 videatur
2207 1442 2256 1488 in

254 1513 410 1575 Opere
447 1514 505 1558 de
537 1511 677 1558 Coelo
712 1511 763 1558 &
796 1509 996 1566 Inferno‚
1030 1512 1080 1558 ὅτ
1117 1511 1181 1557 ibi
1221 1512 1267 1556 in
1290 1511 1521 1567 Articulo,
1556 1510 1615 1556 de
1637 1511 1808 1556 Forma
1840 1508 1968 1565 coeli,
2003 1507 2256 1555 secundum
2292 1568 2303 1574 p

253 1593 393 1640 quam
416 1576 767 1623 consociationes
789 1576 838 1622 &
862 1577 1301 1622 communicationes
1324 1576 1406 1631 ibi,
1441 1592 1472 1622 n
1492 1593 1505 1623 z
1526 1589 1625 1625 200
1644 1574 1696 1622 &
1720 1589 1832 1626 212.

317 1641 466 1698 Quod
503 1641 601 1702 qui,
626 1640 675 1684 in
706 1638 1057 1685 Tenoetionibus
1097 1639 1419 1695 succumbunt,
1454 1640 1502 1685 in
1539 1639 1880 1686 damnationem
1913 1639 2115 1694 veniant,
2148 1639 2258 1701 quia

251 1705 370 1754 mala
400 1705 452 1752 &
491 1702 596 1752 falla
631 1703 841 1760 vincunt,
875 1703 927 1750 ὅτ
966 1703 1175 1751 naturalis
1213 1703 1359 1752 homo
1396 1703 1528 1767 super
1561 1702 1856 1767 spiritualem,
1890 1718 1941 1750 ac
1979 1703 2133 1767 postea
2169 1704 2256 1752 do·

250 1773 466 1886 mirgatur,
517 1771 567 1819 δε
599 1769 727 1834 quod
762 1781 873 1818 tunc
908 1768 1045 1818 status
1079 1769 1300 1833 posterior
1338 1769 1418 1819 fiat
1456 1766 1585 1835 pejor
1624 1770 1785 1835 priori,
1835 1785 1866 1818 n
1892 1785 1905 1817 z
1934 1770 2078 1834 8165.
2111 1772 2255 1835 8169.

255 1840 282 1886 8
361 1853 399 1884 1.

287 1855 429 1954 9200.
466 1900 596 1967 Quod
614 1902 825 1949 Dominus
849 1913 1017 1966 pugnet
1048 1914 1131 1966 pro
1166 1903 1329 1951 homine
1366 1903 1414 1950 in
1453 1903 1774 1951 tentationibus.
1845 1902 1993 1966 Qod
2022 1902 2257 1951 Dominus

252 1968 372 2016 solus
409 1969 528 2030 apud
566 1968 800 2015 hominem
825 1968 872 2016 in
895 1970 1217 2018 tentationibus
1240 1981 1435 2034 pugnet,
1470 1971 1519 2017 &
1544 1970 1688 2018 homo
1710 1969 1821 2018 nihil
1843 1985 1900 2017 ex
1923 1968 1980 2027 se,
2016 1987 2047 2017 n
2070 1988 2081 2017 ε
2113 1971 2254 2034 1692.

255 2037 396 2099 8172.
424 2037 567 2099 8175.
605 2035 752 2098 8176.
794 2036 940 2098 8273.
1010 2035 1159 2101 Qod
1198 2036 1340 2084 homo
1379 2052 1663 2101 nequaquam
1701 2053 1758 2084 ex
1799 2037 1842 2085 se
1881 2038 2015 2099 possit
2053 2052 2259 2101 pugnare

251 2114 407 2150 contra
443 2100 562 2148 mala
597 2100 648 2148 δε
684 2099 801 2158 falsa,
836 2103 942 2165 quia
978 2091 1026 2150 id
1066 2102 1183 2151 soret
1219 2115 1379 2151 contra
1416 2105 1570 2153 omnia
1609 2101 1796 2160 inferna,
1843 2118 1951 2166 quae
1986 2103 2172 2151 domare
2206 2106 2257 2151 δι

249 2167 429 2216 vincere
464 2182 600 2214 nemo
636 2166 784 2231 potest
820 2168 903 2215 nisi
936 2167 1055 2217 solus
1076 2170 1327 2227 Dominus,
1362 2186 1428 2219 n:
1462 2170 1601 2232 1692.
1671 2170 1821 2236 Qod
1844 2167 2024 2217 Inferna
2044 2183 2254 2234 pugnent

250 2247 409 2284 contra
446 2232 700 2291 hominem,
735 2235 784 2282 ὅτ
808 2235 1041 2285 Dominus
1076 2251 1164 2300 pro
1194 2236 1398 2294 homine,
1434 2253 1463 2284 n
1490 2254 1501 2285 :
1531 2239 1677 2301 8159.
1743 2236 1890 2302 Qod
1914 2236 2058 2286 homo
2078 2251 2256 2302 pugnet

252 2300 449 2347 exveris
485 2300 535 2347 &
573 2298 720 2355 bonis,
757 2300 817 2349 ita
851 2317 909 2348 ex
947 2318 1003 2354 co
1041 2303 1289 2351 nitionibus
1328 2305 1379 2352 ὅτ,
1413 2303 1728 2351 affectionibus
1766 2303 1970 2359 illorum,
2005 2319 2114 2368 quae
2153 2301 2256 2352 sunt

252 2365 375 2430 apud
410 2365 558 2421 illum,
594 2363 667 2410 sed
706 2365 833 2428 quod
871 2382 962 2413 non
1034 2383 1161 2424 omo,
1196 2369 1270 2415 sed
1294 2370 1526 2417 Dominus
1556 2385 1636 2432 per
1669 2370 1780 2426 illas,
1816 2387 1872 2418 n:
1900 2369 2037 2417 1661.
2107 2368 2255 2434 Qod

254 2431 396 2479 homo
441 2430 488 2478 in
533 2430 853 2479 tentationibus
898 2443 1031 2495 putet
1067 2433 1329 2480 Dominum
1373 2433 1530 2493 abesse,
1574 2435 1681 2495 quia
1721 2450 1875 2496 preces
1914 2446 2025 2481 tunc
2062 2449 2155 2481 non
2194 2435 2257 2484 ita

256 2497 500 2549 audiuntur
538 2509 676 2560 prout
709 2510 832 2544 extra
866 2497 979 2556 illas,
1014 2497 1089 2546 sed
1129 2499 1254 2563 quod
1295 2496 1433 2562 usque
1462 2499 1693 2545 Dominus
1733 2511 1844 2547 tunc
1881 2500 2142 2562 praesentior
2181 2498 2253 2558 fit,

259 2578 329 2610 n:
358 2567 467 2621 840.
535 2564 681 2626 Qiod
717 2563 859 2612 homo
897 2566 943 2612 in
982 2565 1303 2613 tentationibus
1335 2564 1456 2630 quali
1488 2579 1548 2613 ex
1582 2563 1623 2612 se
1646 2580 1851 2628 pugnare
1872 2565 2052 2622 debeat,
2086 2566 2137 2614 &
2160 2582 2253 2615 non

255 2629 483 2676 remittere
508 2645 680 2687 manus,
717 2631 766 2678 δε
798 2647 889 2679 non
922 2631 1171 2699 exspefflire
1194 2632 1503 2680 immediatam
1527 2645 1664 2695 opem
1688 2631 1762 2678 sed
1785 2632 1912 2695 quod
1937 2631 2075 2696 usque
2098 2633 2253 2682 credet

255 2694 383 2758 quod
421 2710 447 2742 a
481 2695 705 2753 Domino,
740 2714 769 2744 n
796 2715 807 2745 ε
839 2714 978 2763 1712.
1006 2701 1151 2763 8179.
1181 2699 1323 2764 8969.
1395 2698 1540 2757 Quod
1582 2698 1725 2746 homo
1767 2697 1892 2747 aliter
1930 2713 2024 2746 non
2056 2700 2252 2764 recipere

254 2762 390 2825 poffit
426 2761 662 2826 proprium
694 2762 893 2822 coeleste,
930 2781 987 2813 n:
1011 2782 1150 2833 1937.
1175 2781 1313 2829 1947.
1335 2768 1480 2815 2882.
1510 2766 1653 2827 2883.
1683 2768 1828 2829 2891.
1896 2765 2050 2828 Qiale
2070 2766 2119 2813 id
2143 2782 2249 2830 pro·

254 2828 428 2943 pggm'
462 2827 588 2940 <guod
603 2842 703 2939 s{1011
726 2828 780 2877 fit
803 2826 1000 2880 hominis
1023 2833 1096 2880 sed
1118 2833 1313 2880 Domini
1335 2832 1456 2896 apud
1482 2832 1633 2888 illum,
1668 2847 1730 2880 n:
1762 2847 1902 2898 1937.
1932 2848 2074 2898 1947.
2101 2837 2250 2884 2882.

258 2910 286 2943 2
391 2928 402 2939 .
430 2910 456 2942 2
534 2910 573 2940 1.
734 2929 746 2940 .

321 2910 468 3025 &iod
496 2909 729 3008 ῼΓεηῑέῑξὲ
754 2976 846 3008 non
882 2962 1123 3023 conducat,
1175 2980 1256 3012 nec
1301 2963 1472 3030 aliquid
1519 2963 1626 3012 boni
1665 2960 1839 3020 inferat,
1890 2963 1923 3011 fi
1967 2964 2111 3014 homo
2155 2982 2249 3015 non

165 3092 170 3094 ἡ
256 3026 422 3084 exedat,
475 3024 613 3090 usque
654 3025 757 3092 post
801 3030 1084 3090 tentationes,
1130 3031 1257 3095 quod
1296 3032 1526 3083 Dominus
1569 3031 1844 3097 pugnaverit
1882 3032 1932 3081 &
1967 3033 2125 3083 vicerit
2163 3049 2250 3098 pro

523 3110 551 3157 3
2146 3101 2246 3156 illc,
