2502 3432
540 166 670 228 Da
710 156 1327 249 TELLURIBUS
1378 182 1463 224 IN
1511 159 2024 224 UNIVERSO.
2200 179 2277 244 15

287 305 471 349 movere
492 295 858 363 poffe‘tzpedemg
900 293 952 341 &
975 296 1127 340 tamen
1162 293 1202 339 is
1235 292 1400 356 absque
1431 292 1610 340 scientia
1647 293 1725 340 illa
1760 305 1919 341 movet
1940 294 2099 340 omnes
2139 289 2272 338 fibras

284 366 497 415 matrices
536 360 695 428 firaffnd
715 361 912 407 'circuni
949 358 1240 423 universum*
1268 373 1452 420 corpus,
1507 361 1560 420 βε
1605 361 1826 420 applicate
1870 359 2129 422 pulmones,
2175 357 2274 403 dia-

283 432 522 494 phragma,
555 430 704 482 latera,
739 425 935 481 brachia,
975 424 1165 480 collum,
1209 425 1257 471 &
1297 425 1484 486 reliqua,
1526 423 1692 484 quibus
1723 426 1935 471 omnibus
1973 423 2274 471 describendis

282 501 375 550 non
397 495 649 542 fiiffi'cer'ent'
664 492 901 539 volumina
921 512 937 545 3
982 491 1032 537 ὅτ,
1054 490 1187 553 quod-
1205 489 1405 537 fimiliter
1439 488 1480 535 se
1512 488 1669 536 habeat
1705 504 1814 535 cum
1852 490 1955 545 illis,
1987 491 2069 552 qui
2099 505 2156 536 ex
2182 503 2270 536 ter-

178 568 187 580 “
278 561 415 609 minis
436 560 599 608 volum:
617 564 851 620 cogitare:
897 556 999 603 haec
1015 554 1104 602 Ille
1125 555 1412 619 approbavit,
1447 554 1603 602 dicens
1636 553 1669 601 si
1708 554 1783 600 illa
1806 556 1880 601 via
1914 555 2107 601 discatur
2138 556 2269 618 cogi-

281 639 391 684 tare,
424 626 558 689 quod>
581 624 760 681 inverso
791 622 959 682 ordine·
981 622 1287 686 procedatur3
1330 622 1499 669 addens
1537 620 1573 667 fi.
1596 620 1715 684 >quis
1747 620 1900 669 fatuus
1935 621 2021 666 esse
2041 622 2166 676 velit,
2209 625 2270 667 ita

262 693 526 756 -jirocedau
562 686 636 738 sed
671 691 844 754 cogitet
874 686 1052 752 jugiter
1071 687 1132 736 de
1154 687 1252 744 usu,
1293 689 1344 736 &
1381 703 1439 735 ex
1474 687 1686 734 interiori·
1712 727 1715 730 .
1755 687 1894 747 Dein⁴
1913 686 2026 733 mihi
2054 685 2268 741 ostendit,

280 755 634 821 quaiemideam
657 756 870 803 habuerat
890 754 949 802 de
973 755 1170 802 Summo
1192 754 1418 810 Numine,
1448 753 1576 813 quod
1599 755 1771 817 nempe·
1791 753 1872 800 fibi
1895 750 2271 816 repraesentaverit

277 823 416 871 Illum
441 821 552 871 facie
587 823 784 870 humana
802 822 988 870 'circum
1029 825 1177 884 caput
1202 821 1405 868 emitum
1443 820 1614 867 circulo
1646 818 1824 866 radioso
1843 842 1859 875 ς
1907 821 1956 867 &
1987 818 2114 880 quod
2148 834 2270 866 nunc

278 889 400 946 fciat,
437 889 566 953 quod
589 890 819 937 Dominus
851 886 908 934 fit
929 886 1027 951 Ipse
1048 888 1131 934 me
1154 887 1345 944 Homo,
1382 887 1433 934 δε
1453 887 1582 949 quod
1606 886 1803 933 circulus
1826 885 2024 932 radiosus
2059 885 2112 931 fit
2135 886 2271 931 Divi·

277 970 397 1002 num·
423 955 479 1002 ab
500 955 640 1023 Ipso„
658 955 790 1018 quod
809 970 901 1002 non
925 953 1070 1002 modo
1090 953 1240 1001 influit
1260 954 1309 1000 in
1330 952 1531 1000 Coelum·
1548 951 1623 1000 sed
1644 953 1783 1000 'etiarn
1817 953 1863 999 in
1900 952 2179 1007 universum,
2216 967 2270 999 ac

278 1021 476 1084 disponit
497 1023 548 1069 &z
569 1022 689 1084 regit
723 1021 828 1070 issa:
874 1019 1060 1077 addens,
1097 1020 1180 1084 qui
1199 1019 1375 1067 coelum
1398 1018 1597 1082 disponit
1636 1020 1698 1066 ὅτ’
1727 1020 1860 1081 regit,
1899 1020 2034 1066 etiam
2071 1018 2271 1080 disponit

277 1087 331 1134 ὅτ.
349 1087 468 1149 regit
489 1086 911 1150 universumquia
942 1102 1088 1134 unum
1120 1085 1340 1136 abaltero
1362 1084 1553 1150 separari
1587 1084 1780 1149 nequit:
1825 1086 1878 1132 ὃν,
1906 1100 2091 1148 quoque
2129 1085 2266 1141 dixit,

275 1153 402 1214 quod
426 1153 665 1200 crediderit
686 1152 834 1200 solum
857 1151 1024 1200 U'num
1049 1153 1224 1210 Deum,
1259 1151 1389 1215 cujus
1410 1152 1654 1200 Atti-'ibam
1670 1153 1721 1199 δέ
1744 1151 1999 1210 Qualimtes
2022 1151 2267 1214 insignive⁴

278 1230 377 1264 mc
408 1231 482 1266 tot
502 1219 800 1275 Nominibus,
844 1231 959 1282 quot
992 1218 1068 1265 alii
1089 1219 1200 1266 deos
1229 1220 1478 1267 coluerunt.
1545 1218 1656 1266 Visa
1695 1217 1808 1265 mihi
1846 1217 1909 1265 est
1941 1218 2121 1273 mulier,
2162 1233 2270 1280 quae

258 1284 594 1346 'exporrigebat
617 1288 825 1346 manum,
850 1284 1012 1330 volens
1034 1299 1201 1346 genam
1224 1285 1421 1332 mulcere
1443 1307 1458 1340 ;
1493 1285 1619 1346 quod
1645 1300 1753 1332 cum
1779 1285 1966 1332 miratus
1990 1284 2107 1339 sum,
2132 1283 2265 1338 dixit,

277 1348 423 1408 quod,
460 1364 570 1395 cum
603 1349 650 1394 in
670 1346 973 1404 mundo'fuit,
1013 1349 1111 1396 talis
1134 1349 1298 1396 mulier
1318 1351 1360 1395 ei
1385 1349 1503 1412 saepe
1525 1349 1617 1396 visa
1649 1350 1729 1406 fit,
1759 1365 1865 1412 quae
1886 1350 2010 1412 quasi
2048 1350 2268 1396 mulceret

275 1411 373 1475 ejus
396 1428 580 1476 genam,
618 1415 669 1461 δι’
689 1414 815 1477 quod
837 1411 932 1476 ejus
970 1429 1128 1461 manus
1152 1414 1339 1477 pulchra
1370 1413 1549 1462 fiiiffetz
1595 1414 1774 1476 spiritus
1806 1415 1996 1477 angelici
2038 1414 2265 1470 dicebant,

276 1481 403 1540 quod
427 1480 535 1530 tales
555 1479 707 1542 priscis
745 1481 1020 1543 quandoque
1056 1479 1167 1527 visae
1201 1479 1397 1535 fuerint,
1421 1480 1477 1528 ἃ
1509 1480 1574 1527 ab·
1605 1480 1692 1527 illis
1714 1480 1914 1528 vocatae
1931 1479 2165 1536 Palladias,
2198 1481 2265 1527 Αδι’

276 1545 402 1606 quod
423 1546 679 1608 apparuerit
697 1547 736 1591 ei
759 1562 814 1591 ex
838 1545 1081 1607 spiritibus,
1116 1547 1214 1607 qui,
1239 1562 1350 1592 cum
1369 1546 1588 1593 homines
1614 1546 2263 1609 antiquiswmporibus'vixe-

276 1621 400 1664 runt,
431 1610 640 1655 delectati
664 1607 844 1655 fuerunt
866 1610 976 1656 ideis
1001 1608 1048 1655 δε
1073 1610 1356 1656 indulserunt·
1371 1611 1740 1672 cogitationibus,
1776 1611 1848 1657 sed
1873 1611 2038 1674 abique
2060 1612 2266 1659 Philoso-

273 1674 414 1737 phia3
456 1676 506 1721 &
529 1675 635 1738 quia
673 1674 780 1722 tales
803 1674 981 1738 spiritus
1013 1674 1132 1737 apud
1158 1674 1292 1722 illum
1315 1674 1515 1731 fuerunt,
1560 1677 1612 1722 δε
1634 1676 1839 1723 delectati
1878 1677 1957 1725 illo
1990 1678 2097 1742 quia
2134 1679 2264 1740 cogi·

271 1741 383 1787 tavit
405 1741 462 1788 ab
482 1741 698 1798 interiori,
723 1741 1077 1804 repraesenmtive
1110 1741 1245 1789 talem
1272 1742 1508 1788 mulierem
1530 1741 1751 1790 stiterunt.
1823 1743 2010 1792 Ultimo
2030 1745 2264 1802 indicavit,

271 1805 454 1868 qualem
502 1807 650 1855 ideam
695 1807 906 1863 habuerat
958 1808 1015 1854 de
1062 1808 1235 1855 Anima
1278 1807 1352 1855 seu
1397 1808 1569 1871 Spiritu
1614 1809 1836 1867 hominis,
1891 1824 2030 1874 quem
2070 1810 2264 1859 vocabat

270 1871 494 1929 Pneuma,
533 1873 663 1936 quod
700 1889 871 1936 nempq
902 1873 1006 1920 effet
1036 1873 1381 1938 inconspicuum
1404 1874 1557 1932 vitale,
1600 1875 1714 1924 ficut
1749 1877 1920 1940 aliquid
1957 1877 2169 1932 aetheri53
2210 1878 2262 1924 δι’

270 1937 405 1995 dixit,
441 1940 567 2002 quod
608 1940 786 1986 noverit
806 1940 1029 2004 Spiritum
1065 1939 1197 1988 suum
1237 1941 1470 1989 vidturum
1502 1940 1606 2005 p'ost
1644 1940 1859 2001 mortem,
1888 1945 2124 2007 quoniam
2157 1943 2261 1990 effet

268 2004 445 2051 effentia
472 2004 567 2069 ejus
601 2005 814 2062 interior„
836 2020 945 2069 quae
980 2021 1071 2054 non
1113 2007 1259 2070 potest
1290 2010 1433 2064 mori,
1464 2010 1572 2072 quia
1609 2006 1756 2072 potest
1784 2008 1983 2074 cogitare
2003 2033 2020 2066 ς
2064 2008 2113 2059 δι’
2131 2011 2260 2074 quod.

267 2083 484 2132 praeterea
516 2071 572 2118 de
594 2088 648 2118 eo
670 2088 758 2119 non
781 2072 893 2119 clare
916 2074 1114 2136 cogitare
1147 2075 1363 2138 potuerit,
1405 2073 1478 2122 sed
1515 2077 1656 2123 modo
1694 2076 1896 2133 obscure,
1934 2079 2043 2140 quia
2078 2076 2258 2124 aliunde

267 2135 326 2182 de
348 2137 427 2184 illo
448 2138 643 2201 aliquam
668 2140 978 2202 cognitionem
1016 2155 1107 2186 non
1146 2140 1359 2188 habuerat
1394 2157 1534 2204 quam
1570 2157 1628 2188 ex
1664 2141 1721 2198 se,
1760 2144 1811 2190 δε
1843 2154 2089 2208 parumper
2120 2144 2254 2190 etiam

267 2217 324 2247 ex
357 2205 564 2267 antiquis.
635 2205 855 2253 Praeterea
879 2204 1137 2253 Aristoteles
1173 2205 1240 2254 est
1277 2210 1391 2255 inter
1431 2207 1556 2256 sanos
1580 2207 1757 2271 spiritus
1794 2210 1840 2256 in
1878 2210 2012 2258 altera
2045 2211 2156 2268 vita,
2204 2209 2254 2254 δε

196 2288 198 2290 ’
265 2267 414 2328 plures
437 2269 531 2330 ejus
557 2272 746 2318 Affeclae
768 2273 883 2318 inter
906 2270 1066 2319 fatuos.

337 2351 414 2397 39.
455 2337 706 2397 Qondam
731 2337 826 2380 vidi
851 2338 977 2396 quod
999 2336 1162 2382 nostrae
1183 2338 1382 2383 Telluris
1416 2339 1593 2398 spiritus
1619 2341 1755 2385 effent
1790 2341 1911 2400 apud
1937 2341 2131 2402 Spiritus
2168 2339 2251 2383 tel-

267 2397 376 2442 luris
401 2399 636 2453 Mercurii,
676 2400 726 2444 ὅτ»
749 2399 900 2444 audivi
923 2399 1163 2445 illos·inter
1184 2399 1226 2446 se
1259 2401 1583 2461 colloquentes,
1630 2403 1680 2447 δε
1721 2415 1831 2448 tunc
1867 2403 2030 2451 nostrae
2053 2403 2262 2451 Telluris·

267 2462 443 2524 spiritus
467 2463 579 2509 inter
611 2462 696 2509 alia
728 2464 1057 2526 interrogabant
1081 2463 1198 2522 illos,
1243 2466 1289 2511 in
1313 2481 1452 2528 quem
1478 2466 1724 2522 crederent,
1766 2467 2087 2531 respondebant
2121 2470 2248 2533 quod

267 2529 496 2575 crederent
519 2530 564 2575 in
590 2529 738 2576 Deum
762 2552 775 2584 3
822 2529 894 2577 sed
919 2546 1025 2577 cum
1050 2543 1300 2593 quaererent
1335 2532 1519 2578 ulterius
1543 2532 1599 2578 de
1623 2533 1725 2580 Deo
1752 2534 1797 2580 in
1820 2551 1958 2598 quem
1999 2537 2245 2592 crederent,

267 2595 476 2641 nolebant
498 2595 641 2642 dicere
659 2614 675 2642 .·
717 2597 930 2658 quoniam
955 2613 1008 2643 ex
1034 2613 1159 2644 more
1183 2596 1364 2644 illorum
1395 2597 1474 2654 est,
1516 2610 1567 2644 ut
1590 2615 1681 2645 non
1707 2599 1872 2647 directe
1894 2602 1950 2648 ad
1975 2603 2254 2665 quaestiones*

266 2660 569 2723 respondeant.
639 2664 707 2708 At
746 2675 855 2709 tunc
889 2663 1081 2727 Spiritus
1126 2679 1183 2710 ex
1226 2663 1382 2710 tellure
1415 2664 1637 2711 Mercurii
1680 2666 1871 2725 viciffim
1914 2669 2245 2732 interrogabant

266 2729 454 2790 Spiritus
479 2742 534 2772 ex
557 2724 701 2772 nostra
724 2728 896 2783 tellure,
941 2730 987 2774 in
1010 2745 1147 2791 quem
1183 2730 1245 2775 illi
1273 2729 1527 2787 crederent,
1570 2731 1776 2779 dicebant
1818 2733 1882 2789 hi,
1923 2736 2118 2797 quodin
2141 2737 2242 2782 Do-

264 2796 443 2839 minum
470 2793 658 2848 Deum·,
718 2793 892 2855 spiritus
935 2795 1152 2841 Mercurii
1195 2808 1304 2841 tunc
1337 2793 1529 2856 ajebant‚
1573 2797 1699 2859 quod
1741 2801 2018 2863 perciperent
2054 2802 2153 2848 illos
2194 2803 2250 2848 in*

261 2860 440 2905 nullum
467 2860 620 2905 Deum
646 2861 835 2915 eredere,
862 2862 908 2906 δε
938 2875 1020 2922 pro
1046 2875 1172 2906 more
1194 2861 1350 2907 habere
1372 2878 1448 2908 ore
1470 2863 1617 2909 dicere
1641 2865 1766 2926 quod
1791 2867 1988 2924 credant,
2012 2867 2062 2915 &
2087 2882 2240 2915 tamen

263 2934 402 2988 uque
427 2942 514 2972 non
540 2925 742 2971 credere:
794 2925 977 2983 (habent
1012 2927 1188 2988 spiritus
1226 2927 1443 2973 Mercurii
1487 2930 1756 2992 exquisitam
1789 2935 2140 2996 perceptionem,
2183 2951 2240 2981 ex

261 3007 315 3058 eo
338 2994 442 3054 quia
467 2993 675 3037 continue
701 2991 846 3038 media
868 2994 1154 3054 perceptione
1175 2993 1409 3055 explorant
1429 2995 1539 3056 quid
1575 2995 1650 3042 alii
1671 2995 1842 3057 sciunt)
1876 2999 2053 3061 spiritus
2079 3002 2239 3047 nostra:

263 3057 428 3104 telluris
463 3072 585 3103 erant
619 3059 731 3103 inter
767 3059 883 3113 illos,
925 3060 1004 3119 qui
1045 3059 1089 3102 in
1116 3059 1290 3105 mundo
1319 3058 1499 3107 confeffi
1534 3059 1632 3107 sunt
1656 3062 1796 3111 fidem
1835 3081 1891 3111 ex
1921 3067 2121 3113 doftrina
2145 3067 2236 3113 Ec-

263 3121 422 3179 clefiae,
482 3123 554 3170 sed
603 3123 741 3187 usque
787 3141 879 3172 non
920 3126 1128 3173 vixerunt
1170 3127 1333 3173 vitam·
1360 3125 1483 3185 fidei,
1540 3128 1605 3174 δι.
1632 3130 1714 3192 qui
1756 3146 1847 3178 non
1895 3134 2056 3180 vivunt
2103 3135 2254 3179 vitam.

2122 3199 2257 3258 fidei,
