2508 3432
591 147 691 191 ετ
746 121 2010 198 zlusDoer-muACoanasr-i.
2215 136 2303 200 99

392 274 512 326 194.
549 255 884 310 Tentationes²
894 251 1186 318 conducunt
1210 251 1271 302 ad
1296 251 1659 321 acquirendum
1685 251 1971 305 dominium
2000 249 2134 302 bono
2158 247 2302 317 super

308 331 502 384 malum
523 342 740 383 ‘ac'vero
762 323 1155 398 suptt'ifaisnm
1207 336 1321 376 tum
1358 324 1419 375 ad
1446 324 1788 377 confirmanda
1813 341 1943 387 vera,
1978 324 2034 376 δε
2073 322 2136 375 ad
2175 338 2303 374 con·

299 402 661 478 jungendaxilla
685 388 936 462 bonis's'&
960 398 1108 451 simul
1144 397 1207 451 ad
1240 397 1543 450 discutienda
1568 401 1702 450 mala
1733 400 1787 451 δε
1822 399 1940 452 inde
1979 396 2096 452 falsa
2114 422 2132 460 5
2172 413 2301 449 con-

306 481 499 532 ducunt
522 475 672 530 etiam
695 473 771 526 ”ad
795 472 1122 546 aperiendum
1155 471 1408 526 internum
1432 470 1737 544 spiritualem
1764 471 2046 536 hominem,
2086 473 2139 525 ὅτ
2164 470 2227 523 ad
2251 470 2298 522 ei
2374 533 2377 538 A

302 551 662 624 subjiciendum
699 547 1010 612 naturalem5
1047 559 1162 600 tum
1185 561 1390 619 quoque
1427 544 1492 599 ad
1515 543 1893 616 infringendum
1927 564 2119 600 amores
2143 545 2216 598 sui
2239 545 2295 598 δε
2376 592 2377 596 ,

306 626 501 689 mundi,
538 624 601 677 sc·
620 624 684 676 ad
709 620 1027 693 domandum
1063 619 1482 694 concupiscentias
1506 637 1619 692 quae
1646 620 1763 671 inde
1785 619 1915 671 sunt.
1967 620 2167 688 Qibus
2191 618 2300 672 fac-

306 702 383 763 tis,
419 699 617 752 homini
644 698 701 750 fit
738 695 994 750 illustratio
1029 697 1083 749 ὅτ,
1115 695 1371 769 perceptio
1401 694 1527 766 quid
1549 712 1727 761 verum
1763 694 1818 747 &
1840 693 2055 757 bonum,
2091 697 2145 746 δε
2174 691 2301 764 quid

305 773 481 827 falsum
509 775 562 826 ὅς
587 772 811 834 malum3
847 770 962 825 inde
983 771 1042 825 fit
1067 771 1268 824 homini
1284 769 1611 842 intelligentia
1635 771 1690 823 δε
1714 766 1968 842 sapientia,
1993 785 2108 841 quae
2131 766 2301 840 postea

303 849 461 901 indies
480 847 719 899 crescunt.

385 940 449 993 19
458 941 504 994 ς.
543 923 687 974 Solus
713 919 965 972 Dominus
1004 937 1095 991 pro
1118 917 1329 973 homine
1352 928 1545 991 pugnat
1575 918 1630 971 in
1652 917 2040 980 tentationibu83
2078 914 2116 968 fi
2140 913 2303 968 homo

305 1014 408 1048 non
439 996 611 1058 credit,
638 995 775 1067 quod
792 995 1048 1048 Dominus
1074 993 1204 1046 solus
1228 1004 1420 1066 pugnet
1442 1011 1536 1066 pro
1560 992 1653 1046 illo
1673 994 1728 1046 ec
1753 992 1907 1045 vincit
1932 1009 2025 1066 pro
2045 990 2154 1057 illo,
2180 1001 2304 1044 tune

303 1069 628 1122 tentationem
652 1065 808 1124 mod‘o
832 1082 1090 1121 externam
1114 1068 1261 1132 subit,
1301 1076 1414 1140 quae
1436 1068 1484 1121 ei
1520 1086 1626 1121 non
1648 1067 1904 1121 conducit.

626 1371 784 1466 Ex
838 1364 1275 1468 Arcanis
1322 1359 1949 1468 Coelestibus.

317 1565 421 1629 196.
571 1563 622 1609 N
626 1575 807 1624 tequam
832 1561 1095 1608 summatim
1119 1561 1328 1617 traditur,
1346 1561 1475 1624 ,quid
1504 1562 1551 1609 in
1578 1562 1767 1616 Arcanis
1789 1561 2064 1611 Coelestibus
2099 1561 2158 1610 de
2181 1563 2306 1610 Ten—

438 1567 567 1686 A
607 1627 851 1672 tationibus
884 1624 1103 1687 scriptum
1134 1625 1216 1680 est,
1252 1625 1423 1686 aliquid
1449 1625 1737 1687 praefandum
1761 1627 1828 1674 est
1850 1629 1908 1676 de
1930 1629 2035 1685 illis,
2071 1641 2125 1676 ut
2145 1629 2307 1676 clarius

304 1690 452 1739 adhuc
491 1689 650 1738 sciatur
688 1690 916 1738 undenam
953 1689 1069 1737 sunt.
1138 1688 1357 1738 Tentatio
1394 1688 1631 1753 spititualis
1654 1692 1841 1749 dicitur,
1875 1708 1985 1740 cum
2008 1695 2131 1741 intus
2153 1694 2201 1740 in
2224 1693 2307 1742 ho·

307 1758 429 1818 mine
464 1756 794 1820 impugnantur
815 1756 935 1803 Vera
971 1755 1095 1812 fidei,
1130 1771 1237 1819 quae
1276 1756 1418 1804 homo
1457 1757 1595 1805 corde
1629 1757 1791 1816 credit,
1826 1758 1877 1806 δε
1913 1757 2164 1808 secundum
2202 1776 2309 1823 quae

299 1825 461 1874 ,vivere
483 1835 622 1881 amat,
652 1822 886 1886 imprimis
906 1837 1016 1870 cum
1049 1822 1346 1887 impugnatur
1376 1822 1553 1872 bonum
1584 1824 1770 1883 amoris,
1802 1825 1849 1873 in
1881 1841 1979 1890 quo
2009 1829 2144 1891 ponit
2166 1826 2310 1874 vitam

302 1889 589 1954 spiritualem.
658 1888 1036 1954 Impugnationes
1073 1888 1165 1937 illae
1197 1889 1316 1939 fiunt
1338 1891 1471 1938 variis
1504 1891 1675 1949 modis,
1708 1907 1789 1957 per
1821 1892 2047 1941 influxum
2084 1891 2313 1941 scandalo-

304 1972 411 2004 rum
434 1958 481 2004 in
503 1957 798 2020 cogitationes
820 1958 871 2006 &
895 1971 1079 2021 quoque
1103 1957 1149 2003 in
1174 1956 1476 2015 voluntatem,
1510 1971 1669 2006 contra
1690 1973 1798 2007 vera
1839 1961 1888 2008 δι
1930 1959 2068 2017 bona,
2103 1972 2204 2008 tum
2228 1967 2311 2025 per

304 2022 597 2071 emersionem
622 2024 672 2071 &
696 2023 1052 2072 recordationem
1072 2024 1336 2072 continuam
1362 2023 1588 2073 malorum
1622 2040 1730 2089 quae
1761 2024 1906 2074 homo
1937 2024 2118 2084 fecerat,
2152 2027 2201 2074 &
2225 2025 2310 2075 fal·

302 2089 454 2139 sorum
475 2105 582 2153 quae
603 2090 896 2154 cogitaverat,
928 2090 991 2137 ita
1014 2106 1092 2154 per
1114 2090 1458 2139 inundationem
1480 2091 1641 2139 talium
1661 2114 1677 2149 3
1712 2092 1762 2141 &
1786 2092 1923 2140 simul
1945 2105 2055 2140 tunc
2078 2109 2159 2158 per
2173 2109 2310 2157 appa·

306 2168 481 2204 rentem
503 2155 866 2205 interclufionem
901 2157 1166 2205 interiorum
1205 2160 1388 2215 mentis,
1421 2158 1472 2206 δε
1496 2159 1556 2207 fic
1579 2160 2011 2208 communicationis
2034 2175 2143 2208 cum
2168 2161 2308 2216 coelo,

307 2237 389 2286 per
419 2222 546 2285 quod
577 2223 619 2270 ei
647 2223 927 2287 intercipitur
959 2225 1157 2287 cogitare
1187 2240 1244 2272 ex
1279 2225 1353 2273 sua
1384 2223 1495 2283 fide,
1528 2242 1581 2274 ac
1622 2226 1737 2274 velle
1776 2242 1834 2274 ex
1870 2227 1951 2276 suo
1988 2236 2172 2275 amore:
2210 2227 2311 2273 haec

307 2287 428 2334 fiunt
448 2303 474 2333 a
494 2288 621 2334 malis
647 2287 871 2350 spiritibus
893 2291 973 2351 qui
997 2290 1119 2353 apud
1142 2290 1377 2340 hominem
1400 2312 1415 2347 ς
1449 2291 1500 2340 ὅτ
1524 2308 1634 2341 cum
1657 2292 1794 2350 fiunt,
1827 2306 2042 2358 apparent
2066 2291 2147 2340 sub
2170 2292 2312 2356 specie

304 2353 583 2403 anxietatum
620 2354 906 2410 interiorum,
950 2371 1001 2401 ae
1034 2356 1251 2403 dolorum
1284 2356 1588 2419 conscientiae,
1623 2361 1842 2422 quoniam
1884 2360 1988 2408 talia
2025 2357 2227 2407 afficiunt
2258 2360 2309 2406 δε

306 2421 510 2469 cruciant
524 2420 673 2466 ‘vitam
706 2419 905 2467 hominis
935 2418 1227 2482 spiritualem,
1261 2421 1471 2468 credente
1504 2422 1692 2472 homine
1727 2425 1855 2486 quod
1895 2441 1988 2472 non
2023 2425 2077 2471 sit
2113 2441 2139 2470 a
2178 2423 2308 2471 malis

308 2484 546 2548 spiritibus,
571 2484 645 2532 sed
660 2501 717 2532 ex
734 2485 775 2532 se
799 2487 845 2532 in
868 2485 1184 2542 interioribus;
1218 2486 1346 2551 quod
1370 2486 1513 2535 homo
1538 2504 1628 2536 non
1651 2489 1755 2536 sciat
1772 2489 1899 2551 quod
1922 2505 2013 2536 non
2038 2489 2115 2536 illa
2135 2489 2221 2537 fint
2242 2506 2302 2538 ex

312 2552 440 2599 malis
462 2551 704 2615 spiritibuS,
738 2551 803 2599 est
824 2550 966 2610 causa,
1002 2553 1110 2615 quia
1148 2569 1240 2600 non
1280 2553 1358 2601 scit
1394 2554 1736 2618 quod,spiritus
1759 2554 1846 2602 fint
1866 2556 1991 2619 apud
2014 2555 2165 2613 illum,
2201 2557 2309 2605 mali

309 2615 357 2663 in
397 2617 524 2664 malis
559 2617 655 2682 ejus
692 2617 743 2666 ὅτ
783 2619 891 2666 boni
927 2620 975 2667 in
1011 2619 1141 2667 bonis
1175 2618 1288 2683 ejus,
1323 2620 1373 2667 δε
1395 2619 1522 2683 quod
1548 2620 1633 2668 sint
1655 2623 1703 2669 in
1734 2619 1830 2684 ejus
1866 2622 2218 2686 cogitationibus
2254 2624 2306 2671 δε

310 2681 634 2731 affeffionibus.
701 2685 994 2733 Tentationes
1016 2686 1106 2733 illae
1128 2687 1402 2750 graviffimae
1433 2685 1551 2744 sunt,
1586 2687 1769 2751 quando
1791 2686 2048 2750 conjunctae
2072 2688 2173 2737 sunt
2195 2705 2303 2738 cum

310 2748 545 2797 doloribus
579 2749 757 2797 inflietis
793 2753 990 2815 corpori,
1026 2753 1076 2800 δε
1115 2754 1262 2817 magis
1301 2752 1335 2801 fi
1370 2753 1550 2802 dolores
1587 2754 1654 2802 illi
1691 2755 1771 2802 diu
1803 2755 2042 2819 perfistunt
2070 2756 2123 2803 δε
2154 2757 2306 2821 ingra-

312 2814 515 2871 vescunt,
550 2830 600 2862 ac
638 2816 906 2879 imploratur
940 2818 1111 2866 Divina
1145 2819 1473 2878 Misericordia,
1520 2821 1571 2869 &
1608 2820 1748 2886 usque
1785 2838 1876 2870 non
1915 2821 2151 2879 liberatio;
2198 2824 2303 2871 inde

310 2879 555 2945 desperatio
590 2894 696 2944 quae
733 2882 849 2930 finis.
918 2884 1016 2932 Hic
1056 2886 1259 2949 primum
1298 2886 1444 2950 aliqua
1475 2902 1534 2934 ex
1558 2888 1800 2936 ARcAms
1826 2889 2163 2938 Coezns‘rraus
2195 2889 2302 2937 affe·

310 2947 448 2995 renda
468 2946 571 2995 sunt
593 2949 649 2994 de
673 2948 912 3010 Spiritibus
934 2952 1056 3013 apud
1081 2952 1333 3009 hominem,
1365 2953 1473 3017 quia
1494 2954 1551 3001 ab
1572 2954 1660 3002 illis
1682 2957 1976 3004 tentationes:
2013 2957 2159 3020 Qod
2183 2956 2301 3020 apud

310 3015 666 3078 unumquemvis
688 3013 921 3063 hominem
946 3016 1031 3064 fint
1052 3017 1232 3081 spiritus
1254 3019 1304 3067 δε
1322 3019 1488 3083 angeli,
1523 3037 1581 3070 n:
1602 3022 1713 3086 697.
1739 3023 1868 3085 5846
1890 3023 1948 3070 ad
1975 3023 2118 3086 5866.
2157 3023 2304 3078 Quod

307 3078 394 3129 {int
427 3081 475 3128 in
510 3079 605 3146 ejus
635 3082 988 3146 cogitationibus
1009 3085 1059 3134 ὅτ,
1080 3084 1409 3146 affectionibus,
1433 3102 1484 3201 ἓ
1501 3103 1513 3134 :
1542 3091 1685 3139 2888.
1714 3089 1859 3152 5846.
1888 3092 2032 3153 5848.
2107 3089 2253 3201 Quor}
2271 3090 2305 3135 fi

1510 3169 1535 3202 2
2167 3172 2225 3203 au
2248 3171 2317 3203 er-
