2502 3432
268 219 303 279 8
581 214 732 278 DE
813 208 1322 278 ULTIMo
1393 214 1931 306 JUDICIO

263 345 326 391 ibi
367 341 572 391 desinunt
611 347 662 395 &
697 341 950 400 subsistunt,-
984 342 1126 391 homo
1163 344 1243 392 nifi
1284 344 1351 393 his
1390 361 1575 412 quoque
1610 349 1839 414 gauderet,
1875 352 1948 401 seu
1988 351 2150 418 absque
2175 354 2265 406 illis

263 411 468 458 terminis
492 411 561 456 seu
588 410 759 457 ultimis
782 409 903 465 esset,
938 407 1033 473 ejus
1067 409 1322 474 spiritualia,
1357 429 1462 476 quae
1502 414 1602 462 sunt
1632 420 1964 480 cogitationum
1990 421 2039 468 &
2064 421 2260 470 affeffio-

264 491 380 524 num
405 474 498 539 ejus
522 475 715 540 spiritus,
751 476 1025 537 diffluerent,
1061 476 1173 524 ficut
1197 479 1480 528 interminata
1502 480 1571 528 seu
1606 500 1711 546 quae
1752 486 1851 533 sunt
1886 485 2047 550 absque
2086 486 2231 534 fundo
2246 488 2286 535 τ’

263 542 467 590 similiter
491 542 543 589 fit
566 557 674 590 curn
698 542 839 589 homo
872 543 1023 590 transit
1055 559 1079 590 e
1111 544 1298 592 naturali
1330 546 1505 593 mundo
1530 549 1576 594 in
1600 549 1887 612 spiritualem,
1923 554 2047 615 quod
2076 554 2130 600 fit
2152 555 2275 602 cuns

266 610 476 665 moritur,
513 620 640 666 tunc,
674 608 779 672 quia
818 608 994 671 spiritus
1030 608 1115 666 est,
1144 625 1236 657 non
1277 611 1464 658 subsistit
1504 613 1632 676 super
1672 619 1850 679 propria
1884 618 1990 674 bafi,
2027 618 2100 665 sed
2134 618 2265 683 sup‘er

264 675 506 722 communi
528 674 632 732 basi,
667 690 772 737 quae
793 674 856 721 est
881 675 1038 722 Genus
1063 675 1332 724 humanum.
1392 678 1492 735 Qi
1516 695 1606 726 non
1630 678 1709 727 scit
1732 698 1885 730 arcana
1909 685 2050 740 Coeli,
2086 686 2267 732 credere

264 740 413 804 potest
450 740 576 803 quod
609 740 781 802 Angeli
815 738 1047 787 subsistant
1085 740 1247 802 absque
1287 742 1564 796 hominibus,
1602 747 1651 791 ὅτ
1688 749 1815 805 quod
1855 749 2060 795 homines
2098 750 2262 812 absque

165 810 171 839 2
264 804 476 867 Angelis,
513 804 586 850 sed
609 805 843 850 asseverare
867 804 1045 867 possum
1069 820 1126 851 ex
1147 805 1276 852 omni
1298 806 1569 868 experientia
1604 807 1660 851 de
1686 808 1835 864 Coelo,
1872 810 1923 856 &r
1944 825 1999 856 ex
2023 815 2151 856 omni
2174 814 2261 859 ser·

170 864 173 897 i
263 886 403 918 mone
424 884 533 916 cum
557 868 768 932 Angelis,
802 869 930 932 quod
955 869 1104 917 nullus
1130 871 1335 933 Angelus
1359 870 1432 917 seu
1457 869 1632 934 spiritus
1654 870 1851 919 subsistat
1873 873 2035 937 absque
2060 875 2262 933 homine,

262 938 315 984 &
347 934 497 982 nullus
538 934 680 982 homo
718 933 881 998 absque
919 934 1074 999 spiritu
1115 938 1164 983 δε
1205 937 1381 999 ange10,
1418 938 1466 984 &
1490 938 1615 999 quod
1642 949 1802 985 mutua
1825 939 1873 986 &
1899 941 2125 1002 reciproca
2148 957 2259 989 cone

178 1001 184 1057 ξ
260 1000 437 1066 jundtio
464 1001 533 1049 fit.
602 1001 678 1048 Ex
701 1000 769 1048 his
788 1002 992 1064 primum
1015 1002 1213 1050 constare
1236 1002 1398 1066 potest,
1433 1004 1559 1066 quod
1583 1003 1740 1051 Genus
1764 1005 2039 1052 Humanum
2073 1007 2123 1053 δε
2143 1007 2256 1055 Coe-

180 1064 186 1105 ῗ
261 1068 361 1116 lum
386 1067 667 1131 Angelicum
697 1083 843 1114 unum
874 1066 1061 1126 faciunt,
1096 1069 1146 1117 δε
1170 1066 1397 1116 subsistant
1431 1085 1456 1115 a
1490 1068 1531 1118 se
1556 1082 1717 1120 mutuo
1740 1070 1790 1118 &
1812 1072 2021 1128 vicissim,
2055 1071 2105 1118 &
2128 1073 2256 1136 quod

261 1134 322 1182 fic
342 1131 503 1181 auferri
525 1150 670 1181 unum
696 1133 821 1180 alteri
842 1147 1046 1198 nequeat.

334 1216 409 1250 10.
460 1199 590 1263 Qod
632 1201 772 1247 Genus
816 1202 1062 1249 Humanum
1091 1200 1157 1260 fit
1199 1201 1477 1249 Seminarium
1515 1201 1630 1258 Caeli,
1682 1200 1901 1249 constabit
1944 1217 2000 1249 ex
2045 1200 2260 1252 Articulo

262 1266 490 1331 sequente,
527 1266 606 1313 ubi
643 1266 994 1324 ostendendum,
1045 1266 1172 1330 quod
1208 1267 1397 1313 Coelum
1437 1267 1488 1313 &
1526 1266 1761 1315 Infernum
1808 1268 1893 1316 fint
1937 1283 1994 1314 ex
2031 1267 2260 1316 Humano

260 1333 454 1389 Genere,
490 1333 550 1380 ita
584 1333 711 1397 quod
751 1333 911 1380 Genus
947 1334 1224 1380 Humanum
1264 1332 1319 1378 s1t
1353 1333 1653 1380 Seminarium
1689 1333 1829 1380 Coeli.
1901 1333 1954 1380 In
1988 1333 2259 1384 anteceffum

259 1399 604 1454 memorabitur,
640 1398 768 1461 quod
807 1399 918 1445 ficut
958 1398 1046 1444 huc
1081 1398 1235 1460 usque,
1271 1397 1358 1444 hoc
1394 1396 1474 1454 est,
1509 1415 1533 1445 a
1556 1400 1702 1462 prima
1724 1399 1976 1455 Creatione,
2011 1398 2262 1448 formatum

255 1465 322 1512 est
344 1464 535 1510 Coelum
569 1478 624 1509 ex
650 1465 874 1509 Humano
899 1463 1091 1520 Genere,
1141 1464 1201 1509 ita
1243 1461 1425 1525 posthac
1465 1461 1756 1511 formandum
1797 1464 1848 1511 δε
1887 1463 2260 1527 locupletandum

257 1529 326 1578 fit.
397 1529 511 1577 Dari
547 1527 734 1592 quidem
773 1526 937 1592 potest,
973 1528 1099 1591 quod
1124 1529 1402 1576 Humanum
1426 1528 1583 1577 Genus
1607 1528 1737 1593 super
1760 1545 1848 1577 una
1868 1530 2055 1579 Tellure
2087 1543 2258 1595 pereat,

255 1595 384 1660 quod
410 1596 463 1643 fit
486 1611 595 1643 cum
617 1595 666 1641 id
687 1594 730 1644 se
753 1594 931 1658 prorsus
966 1592 1131 1657 separat
1158 1610 1183 1641 a
1206 1595 1397 1651 Divino,
1433 1611 1537 1642 nam
1576 1607 1685 1642 tunc
1721 1596 1898 1644 homini
1933 1613 2035 1654 non,
2062 1596 2259 1660 amplius

253 1661 320 1710 est
341 1662 435 1709 vita
456 1660 710 1724 spiritualis,
745 1660 819 1706 sed
858 1659 1000 1706 modo
1040 1659 1267 1715 naturalis,
1302 1660 1447 1722 qualis
1487 1658 1550 1707 est
1587 1660 1749 1717 bestiis,
1784 1662 1833 1707 &
1858 1676 1966 1708 cum
1990 1662 2134 1709 homo
2155 1661 2258 1709 talis

254 1726 337 1784 est,
372 1741 465 1775 non
489 1726 668 1774 societas
691 1723 875 1773 formari
897 1724 1063 1788 potest,
1097 1725 1148 1773 δε
1171 1725 1218 1772 in
1232 1724 1425 1774 vinculis
1447 1727 1584 1774 teneri
1605 1742 1684 1792 per
1702 1727 1840 1792 leges,
1874 1727 2092 1791 quoniam
2112 1726 2258 1775 homo

254 1793 419 1858 absque
458 1793 633 1841 influxu
673 1792 799 1849 coeli,
847 1793 908 1839 ita
943 1792 1104 1855 absque
1142 1792 1361 1854 regimine
1398 1792 1588 1852 Divino,
1636 1792 1753 1843 foret
1790 1792 1981 1851 insanus,
2017 1809 2069 1842 ac
2109 1802 2259 1841 rueret

254 1858 437 1908 effraene
479 1860 526 1906 in
565 1859 726 1906 *omnia
764 1855 944 1914 nefaria,
993 1873 1108 1905 unus
1147 1870 1305 1906 contra
1342 1858 1551 1907 alterum.
1620 1860 1712 1908 Sed
1754 1860 1930 1908 tametfi
1970 1860 2253 1907 Humanum

239 1926 414 1973 ‘Genus
435 1940 516 1988 per
538 1923 856 1988 separationem
877 1940 904 1970 a
926 1924 1101 1971 Divino
1137 1923 1266 1985 super
1304 1939 1393 1971 una
1431 1924 1592 1969 tellure
1627 1925 1808 1984 periret,
1842 1925 1973 1984 quod·
2010 1937 2163 1970 tamen
2199 1939 2258 1971 ne

253 1992 334 2039 fiat
372 1989 640 2054 providetur
678 2005 704 2034 a
741 1990 966 2044 Domino,
1010 1988 1148 2048 usque
1187 2000 1229 2027 ta
1233 2002 1338 2026 111111
1356 1997 1608 2052 ‘peuuapet
1646 1986 1777 2050 super
1817 1988 1949 2043 aliiS3
1998 1988 2099 2036 sunt
2133 1988 2258 2037 enim

255 2058 305 2105 T
307 2057 466 2104 ellures
500 2055 546 2102 in
570 2053 798 2102 Universo
821 2055 877 2098 ad
901 2054 1072 2111 aliquot
1094 2058 1279 2093 centena
1303 2042 1460 2099 m1lha,
1495 2042 1700 2090 v1deatur
1735 2055 1782 2088 in
1806 2053 2042 2106 opusculo
2063 2056 2121 2090 ue
2143 2054 2255 2094 ‘sel-

255 2123 431 2171 luribus
462 2123 508 2169 in
534 2119 720 2168 Mundo
755 2116 906 2166 nostro
928 2114 1085 2171 Solari‚
1119 2106 1446 2176 quae‘Planetae
1467 2121 1706 2165 vocantur,
1740 2109 1791 2156 ὅτ
1825 2108 1884 2155 de
1908 2107 2169 2158 Telluribus
2207 2113 2256 2163 in

255 2189 396 2237 Coelo
421 2185 650 2235 Astrifero.
720 2179 913 2233 Dictum
954 2181 1065 2229 mihi
1103 2178 1167 2234 est
1203 2193 1229 2225 e
1254 2176 1408 2234 Coelo,
1442 2176 1569 2240 quod
1610 2175 1768 2222 Genus
1802 2174 2081 2222 Humanum
2123 2176 2255 2241 super

253 2255 336 2306 hac
361 2253 547 2311 Tellure
569 2251 777 2316 periifl'et,
812 2244 952 2314 usque
991 2258 1042 2294 ut
1077 2244 1212 2293 hodie
1250 2259 1341 2292 non
1381 2240 1604 2290 exstitisset
1642 2256 1776 2299 unuS,
1817 2239 1899 2287 nis1
1929 2239 2162 2290 Dominus
2204 2243 2253 2292 in

246 2307 501 2370 'lx‘tffiridffffi
536 2312 823 2373 v'eniffeigac
862 2308 1033 2374 in'ha‘cv
1049 2311 1237 2369 Tellure
1271 2305 1481 2356 induiffet
1516 2309 1813 2364 Humanum,
1848 2321 1899 2362 ac
1938 2307 2250 2361 ideivinum

233 2385 458 2444 “stentem
489 2385 546 2431 ‘ae
578 2380 763 2449 quoque
796 2379 881 2440 ,nifi
903 2372 1134 2437 Dominus
1155 2373 1341 2422 dediflet
1363 2374 1436 2422 hic
1458 2374 1544 2425 tale
1567 2375 1792 2429 Verbum,
1825 2371 1953 2435 quod
1985 2374 2089 2423 eflet
2112 2375 2254 2424 Coelo

257 2441 492 2517 Angelico
528 2445 742 2513 pro'hasi
782 2445 831 2493 δε
869 2438 964 2509 pror
994 2436 1342 2506 conjunClione3
1393 2440 1523 2504 quod
1559 2455 1639 2502 per
1659 2437 1867 2486 Verbum
1904 2437 1959 2485 fit
1990 2438 2253 2500 conjunCtio

254 2505 379 2567 Coeli
413 2515 520 2565 cum
565 2514 763 2569 homine,
799 2510 1003 2558 videatur
1042 2509 1088 2554 in
1111 2508 1263 2571 Opere
1300 2507 1356 2553 de
1378 2506 1517 2552 Coelo
1550 2507 1603 2552 &
1623 2501 1806 2552 Inferno
1838 2519 1906 2551 n:
1935 2521 2027 2566 303
2053 2504 2110 2550 ad
2134 2514 2248 2567 310.

255 2585 343 2632 Sed
368 2583 493 2648 quod
517 2583 574 2629 ita
599 2581 668 2636 fit,
705 2595 796 2629 non
818 2574 1141 2640 comprehendi
1163 2572 1309 2637 potest
1329 2586 1469 2634 quam
1490 2570 1547 2617 ab
1570 2570 1655 2618 illis
1690 2570 1771 2632 qui
1804 2567 2086 2632 spiritualiter
2119 2569 2248 2632 cogi-

259 2662 369 2705 tant,
406 2651 493 2698 hoc
531 2647 613 2703 est,
647 2646 704 2693 ab
742 2645 827 2693 illis
866 2645 946 2707 qui
986 2657 1064 2706 per
1100 2639 1376 2703 agnitionem
1399 2636 1559 2685 Divini
1595 2637 1642 2683 in
1664 2636 1872 2684 Domino
1894 2633 2123 2699 conjuncti
2145 2633 2247 2683 sunt

259 2716 411 2770 Coelo,
448 2730 552 2763 nam
577 2714 621 2761 hi
645 2711 790 2760 solum
814 2709 1094 2772 spiritualiter
1116 2706 1295 2769 poffunt
1319 2704 1530 2767 cogitare.

330 2797 400 2828 11.
440 2780 569 2842 Qod
588 2778 781 2836 Extetfio
805 2776 921 2831 Caeli,
954 2773 1065 2839 quod
1087 2784 1168 2834 pro
1191 2771 1381 2833 Angeli5‚
1418 2779 1507 2816 tam
1545 2769 1740 2832 immensa
1763 2767 1845 2826 fit,
1880 2776 1931 2814 ut
1967 2769 2013 2814 in
2044 2776 2246 2815 eternum

258 2861 338 2892 non
360 2846 524 2905 impleri
539 2844 677 2905 pqffit,
714 2842 886 2890 constat
924 2857 979 2888 ex
1019 2838 1103 2885 illis
1142 2853 1248 2900 quae
1289 2838 1335 2884 in
1357 2838 1509 2898 Opere
1546 2838 1603 2883 de
1626 2834 1765 2882 Coelo
1788 2834 1838 2880 δε
1862 2831 2061 2888 Infern0‚
2097 2831 2148 2880 ὅτ
2181 2831 2247 2879 ibi

256 2911 304 2957 in
325 2911 551 2965 Articulo‚
576 2912 632 2956 de
655 2907 955 2956 Immenfitate
978 2905 1100 2954 Coeli
1126 2921 1181 2951 n:
1203 2920 1299 2964 415
1324 2902 1380 2949 ad
1404 2919 1502 2963 420
1525 2903 1643 2949 dieta
1666 2901 1767 2948 sunt
1789 2899 1852 2947 est
1871 2922 1886 2955 3
1921 2899 1970 2946 &
1991 2897 2102 2961 quod
2112 2900 2248 2958 pauci

241 2978 335 3036 fint
359 2976 589 3037 respetrive
613 2991 640 3020 a
664 2975 811 3038 quibus
834 2973 973 3021 adhuc
997 2971 1163 3028 Galum,
1202 2971 1248 3017 in
1273 2968 1510 3034 Opusculo
1551 2969 1607 3016 de
1631 2965 1890 3015 Telluribus
1928 2963 1974 3009 in
2002 2962 2242 3021 Universo,

255 3059 290 3090 n
314 3060 325 3090 t
359 3042 464 3088 126.

271 3139 273 3141 >
333 3123 408 3154 12.
445 3105 573 3170 Qod
585 3103 786 3166 perfeti‘io
810 3103 908 3150 Coeli
930 3105 1088 3165 crescat
1102 3103 1328 3165 ficundum
1343 3101 1663 3163 pluralitatem,
1694 3094 1863 3143 constat
1884 3109 1940 3142 ex
1961 3091 2056 3157 ejus
2078 3092 2243 3153 forma,

258 3172 505 3226 secundum
529 3187 667 3236 quarn
690 3167 1036 3220 consociationes
1059 3168 1120 3215 ibi
1144 3170 1365 3216 ordinatae
1387 3165 1505 3222 sunt,
1540 3167 1587 3214 &
1611 3160 2043 3212 communicationes
2077 3161 2248 3273 fluunt(3

1185 3252 1211 3297 3
2122 3242 2215 3290 quo
