2502 3432
262 209 350 268 4²
526 189 635 248 Da
681 185 1287 251 TELLURIBUS
1343 209 1419 252 m
1466 178 1987 269 UNIVERSoss

192 308 195 316 ’
263 314 386 376 quod
423 312 567 377 major
605 313 768 362 insania
786 331 882 364 non
905 317 1036 379 poffit
1058 317 1140 364 effe
1162 333 1301 380 quarn
1335 334 1537 382 quaerere
1573 336 1710 384 quem
1735 320 1888 367 Deum
1929 317 2088 384 aliquis
2125 319 2251 378 colit,

263 394 368 432 cum
396 393 546 427 tamen
578 381 641 428 est
664 383 824 429 unicus
848 383 975 430 Deus
1015 383 1227 430 omnibus
1261 385 1307 429 in
1340 385 1564 443 universo,
1599 387 1648 434 &
1668 386 1797 450 quod
1833 386 1978 432 adhuc
2002 387 2149 449 magis
2184 387 2253 434 in-

261 443 427 492 saniant
451 446 498 493 in
521 463 592 503 eo,
623 449 751 511 quod
770 464 857 496 non
885 449 1035 496 dicant
1058 450 1315 496 Dominum
1338 451 1420 497 effe
1444 452 1650 499 Unicum
1675 452 1804 499 illum
1830 453 1982 500 Deum
2002 475 2015 507 ·‚
2053 453 2101 499 δε
2126 452 2254 515 quod

205 534 209 540 ·
263 510 301 556 is
343 526 469 576 regat
508 512 765 560 universum
801 514 994 570 coelum,
1042 515 1090 561 δε
1133 516 1235 561 inde
1271 516 1526 579 universum
1571 518 1837 572 mundum3
1884 533 1987 564 nam
2024 520 2103 581 qui
2138 519 2254 581 regit

261 576 455 634 caelum,
491 581 629 642 etiarn
654 581 768 642 regit
793 579 1038 634 mundum,
1077 581 1181 642 quia
1213 581 1409 628 mundus
1445 584 1614 645 regitur
1651 599 1731 646 per
1754 583 1944 632 coelum.

336 651 450 692 mor
480 645 721 701 Dicebant,
757 646 883 708 quod
910 647 954 692 in
980 645 1165 692 Tellure
1206 645 1280 692 sua
1316 650 1452 695 etiam
1491 648 1591 704 sint,
1633 650 1713 711 qui
1739 648 1924 695 Lumen
1960 649 2254 706 nocturnum,

261 709 390 772 quod
417 725 638 772 magnum
663 710 740 766 est,
783 723 946 758 vocant
971 712 1246 767 Dominum,
1283 711 1355 759 sed
1379 714 1505 775 quod
1545 713 1608 760 illi
1634 715 1885 778 separentur
1916 730 1941 760 a
1965 715 2161 777 reliquis,
2202 716 2251 763 &-

264 775 321 822 ab
356 775 440 822 illis
470 792 559 827 non
600 777 857 823 tolerentur.
929 777 1115 823 Lumen
1157 777 1269 823 illud
1314 779 1589 826 nocturnum
1629 780 1753 826 venit
1789 795 1813 826 a
1838 795 2005 845 magno
2038 781 2117 827 illo
2141 781 2253 827 Cin,

260 840 390 901 gulo,
433 841 557 904 quod
582 841 638 888 ad
663 842 915 889 distantiam
950 843 1093 890 ambit
1116 844 1351 890 Tellurem
1393 845 1534 902 illam,
1569 847 1618 892 δε
1653 861 1677 891 a
1701 845 1867 902 Lunis,
1902 861 2009 909 quae
2049 845 2250 894 satellites

262 906 442 952 Saturni
467 919 703 955 vocantur.
1422 949 1425 951 —

334 987 441 1020 101.
477 973 744 1030 Narrabant,
779 973 906 1036 quod
943 974 1062 1021 aliud
1091 990 1238 1037 genus
1272 974 1530 1038 spirituum,
1574 975 1653 1039 qui
1679 975 1915 1023 turmatim
1942 977 2132 1032 vadunt,
2166 975 2254 1025 fre-

259 1051 453 1101 quenter
475 1038 529 1086 ad
556 1039 655 1090 illos
679 1039 874 1095 veniant,
908 1040 1198 1090 desiderantes
1234 1039 1340 1087 scire
1361 1042 1602 1103 quomodo
1639 1058 1706 1102 res
1745 1042 1864 1105 apud
1891 1042 1989 1094 illos
2026 1042 2067 1090 se
2089 1042 2251 1099 habetv5

259 1104 309 1149 δε
334 1104 459 1166 quod
484 1106 616 1164 variis
642 1106 789 1152 modis
812 1107 990 1153 eliciant
1024 1106 1079 1152 ab
1118 1107 1203 1155 illis
1226 1123 1331 1170 quoe
1357 1107 1500 1155 sciunt
1521 1130 1535 1162 ;
1583 1108 1641 1154 de
1670 1107 1737 1155 his
1761 1107 1983 1164 dicebant,
2010 1109 2135 1174 quod
2161 1125 2254 1155 non

259 1169 490 1226 insaniant,
527 1172 671 1218 modo
697 1173 739 1218 in
765 1188 836 1228 eo,
861 1172 986 1235 quod
1012 1185 1188 1219 tantum
1215 1172 1458 1219 desiderent
1482 1173 1589 1220 scire
1612 1190 1701 1220 non
1725 1185 1908 1236 propter
1942 1173 2080 1234 anum
2104 1173 2252 1230 usum,

257 1250 395 1296 quam
422 1249 472 1282 ut
498 1235 644 1284 sciant.
722 1237 874 1284 Postea
907 1236 1108 1284 instructi
1133 1238 1250 1294 sunt,
1288 1239 1415 1300 quod
1442 1238 1618 1301 spiritus
1642 1240 1706 1285 illi
1730 1239 1815 1286 sint
1836 1254 1893 1284 ex
1918 1239 2097 1285 Planeta
2121 1239 2251 1286 Mer-

259 1302 371 1348 curii
396 1300 468 1348 seu
494 1317 550 1349 ex
567 1303 750 1353 Tellure
774 1304 985 1364 proxima
1004 1303 1116 1361 Soli,
1158 1304 1207 1351 &c
1243 1304 1370 1369 quod
1403 1303 1504 1354 illos
1537 1306 1820 1369 cognitiones
1839 1302 1986 1353 solum
2011 1303 2250 1369 delectem,

258 1365 309 1412 δε
332 1383 421 1413 non
447 1370 507 1413 ita
541 1367 640 1415 usus
663 1383 720 1414 ex
744 1368 842 1414 illis.
2220 1382 2230 1386 ·

330 1447 436 1479 102.
477 1433 647 1479 Incolae
690 1434 752 1484 δε,
787 1433 964 1496 spiritus
1003 1431 1197 1498 plaoetae
1237 1433 1416 1484 Saturni
1463 1430 1660 1485 referunt
1703 1434 1749 1480 in
1791 1434 2004 1482 Maximo
2042 1433 2252 1482 Homine

256 1497 463 1544 Sensum
492 1514 705 1544 Manium
733 1515 895 1546 mma
923 1500 1287 1546 SPIRITUALEM
1317 1515 1382 1546 ET
1408 1498 1753 1547 NATURALEM
1788 1515 2061 1556 ΗοΜῐΝΕΜ,
2102 1513 2147 1548 at
2168 1503 2250 1564 qui

257 1563 424 1613 recedit
455 1580 480 1610 a
503 1564 691 1611 naturali
727 1566 774 1613 &
810 1565 982 1612 accedit
1017 1565 1072 1610 ad
1098 1564 1399 1627 spiritualem:
1455 1565 1559 1616 inde
1583 1565 1664 1622 est,
1699 1567 1824 1627 quod
1864 1566 2042 1631 spiritus
2076 1566 2139 1613 illi
2172 1582 2249 1677 ap-

256 1641 437 1692 pareant
478 1629 639 1675 auferri
676 1643 753 1677 aut
794 1646 839 1676 ra
874 1631 888 1676 i
928 1633 975 1676 in
999 1629 1190 1685 coelum,
1233 1646 1284 1676 ac
1309 1645 1422 1680 mox
1454 1631 1623 1679 remitti
1645 1652 1662 1684 3
1704 1646 1808 1679 narn
1844 1631 2065 1696 quicquid
2103 1632 2248 1681 finus

257 1693 492 1757 spiritualis
517 1693 594 1751 est,
631 1695 677 1741 id
702 1697 747 1741 in
772 1647 894 1743 coelo
917 1695 995 1749 est,
1029 1707 1071 1740 at
1093 1695 1313 1762 quicquid
1338 1694 1483 1744 sensus
1507 1694 1715 1745 naturalis
1739 1694 1817 1751 est,
1856 1695 1903 1740 id
1937 1693 2050 1742 infra
2072 1697 2248 1748 coelum

254 1759 332 1806 est.
402 1760 639 1820 Quoniam
664 1760 827 1808 nostrae
850 1760 1046 1808 Telluris
1071 1761 1261 1825 Spiritus
1293 1761 1338 1806 in
1366 1761 1579 1809 Maximo
1603 1761 1811 1810 Homine
1842 1758 2036 1811 referunt
2058 1761 2247 1816 Sensum

254 1825 501 1874 naturalem
537 1827 586 1872 δε
610 1837 902 1889 corporeum,
942 1842 967 1876 a
989 1824 1219 1873 manifesta
1251 1825 1520 1890 experientia
1552 1826 1662 1876 scire
1694 1826 1853 1873 datum
1890 1825 1970 1882 est,
2009 1828 2247 1893 quomodo

254 1904 462 1958 pugnant
497 1893 546 1939 &
569 1890 792 1940 collidunt
815 1893 928 1940 inter
961 1891 1002 1945 se
1035 1889 1268 1959 spiritualis
1297 1892 1439 1942 homo
1475 1908 1525 1940 ac
1560 1891 1783 1949 naturalis,
1819 1908 1925 1939 curn
1962 1892 2036 1939 hic
2072 1909 2164 1943 non
2197 1895 2244 1947 in

255 1957 348 2004 fide
389 1957 439 2004 ὅτ
473 1957 684 2005 charitate
718 1958 795 2006 est.
865 1959 1059 2022 Spiritus
1082 1958 1281 2006 Telluris
1315 1958 1493 2005 Saturni
1525 1975 1549 2005 e
1579 1958 1832 2025 longinquo
1871 1959 1918 2009 in
1951 1957 2067 2010 conf
2091 1959 2250 2006 editum

254 2023 517 2080 veniebant‚‘
549 2025 599 2077 &
623 2037 733 2072 tunc
769 2023 960 2076 dabatur
982 2025 1086 2071 viva
1127 2024 1487 2074 communicatio
1525 2026 1639 2071 inter
1679 2024 1779 2070 illos
1815 2025 1864 2071 δε
1905 2024 2020 2074 inter
2086 2024 2245 2087 piritus

258 2089 423 2137 nostrae
446 2089 642 2140 Telluris
681 2091 820 2139 tales:
870 2090 917 2137 hi
956 2091 1042 2139 illis
1075 2091 1134 2138 fic
1205 2090 1392 2158 erceptis
1423 2089 1587 2140 fiebant
1627 2089 1739 2137 ficut
1775 2087 1932 2145 insani,
1972 2090 2022 2138 δε
2058 2090 2245 2156 incipie-

257 2155 364 2202 bant
403 2150 605 2203 infestare
645 2156 763 2214 illos,
804 2154 1088 2205 infundendo
1121 2107 1308 2224 ingigna
1355 2157 1412 2206 de
1445 2156 1551 2212 fide,
1590 2156 1639 2203 ὅτ
1674 2170 1859 2222 quoque
1904 2155 1961 2201 de
1999 2155 2241 2212 Domin0;

256 2217 454 2287 cumque
487 2223 533 2269 in
557 2223 793 2270 invectivis
818 2221 1063 2289 &injuriis
1085 2235 1224 2279 erant,
1263 2223 1398 2273 etiam
1440 2221 1481 2270 se
1518 2219 1814 2284 conjiciebant
1854 2221 1899 2265 in
1924 2220 2128 2268 medium
2164 2236 2240 2273 eo-

258 2301 380 2342 rum,
418 2290 465 2335 ότ
490 2304 548 2338 ex
586 2287 765 2345 insania,
801 2289 847 2350 in
887 2305 978 2353 qua
1014 2301 1154 2347 erant,
1197 2288 1474 2338 conabantur
1509 2288 1681 2334 malurn
1718 2285 1876 2353 inferre
1897 2308 1913 2340 ·,
1953 2285 2025 2332 sed
2049 2286 2240 2351 Spiritus

255 2352 433 2400 Saturni
458 2352 570 2400 nihil
591 2354 827 2410 timebant,
858 2356 966 2421 quia
988 2355 1076 2400 tuti
1098 2364 1238 2410 erant,
1266 2354 1316 2403 &
1340 2356 1386 2403 in
1410 2353 1680 2415 tranquillo:
1726 2364 1771 2398 at
1789 2351 1965 2416 spiritus
1991 2351 2056 2400 illi
2080 2351 2242 2398 nostrae

255 2419 469 2475 Telluris,
509 2434 616 2466 curn
642 2420 687 2466 in
720 2419 872 2466 medio
893 2435 1052 2467 eorum
1076 2431 1217 2475 erant,
1257 2418 1528 2482 incipiebant
1551 2417 1672 2479 angi,
1707 2432 1757 2463 ac
1780 2431 1902 2484 aegre
1938 2415 2162 2480 respirare,
2193 2417 2242 2464 δε

254 2483 315 2531 fic
336 2483 570 2547 ejiciebant
609 2483 649 2532 se
690 2501 806 2533 unus
839 2485 930 2533 huc
959 2487 1018 2533 ⁴&
1055 2485 1162 2533 alter
1195 2484 1319 2540 illuc,
1363 2499 1415 2531 ac
1449 2482 1792 2547 disparabantur.
1867 2481 2107 2530 Adstantes
2138 2483 2241 2547 inde

254 2550 631 2614 appercipiebant‚
672 2551 814 2617 qualis
838 2550 902 2598 est
923 2552 1150 2599 Naturalis
1171 2551 1315 2598 homo
1338 2549 1555 2612 separatus
1578 2565 1602 2594 a
1625 2547 1853 2612 spirituali,
1895 2563 2003 2594 curn
2026 2549 2162 2594 venit
2193 2548 2243 2597 in

257 2617 474 2679 sphaeram
501 2616 789 2680 spiritualem,
829 2617 956 2681 quod
995 2633 1158 2685 nempe
1196 2617 1406 2670 insaniat·,
1452 2615 1679 2662 Naturalis
1708 2616 1829 2660 enim
1854 2613 1996 2660 homo
2024 2611 2240 2678 separatus

257 2699 282 2728 a
303 2682 514 2746 spirituali
545 2683 690 2730 solum
723 2699 779 2730 ex
803 2684 980 2731 mundo
1003 2681 1128 2746 sapit,
1155 2684 1203 2730 ὅτ
1228 2682 1338 2730 nihil
1361 2696 1417 2728 cx
1438 2680 1559 2728 coelo
1579 2703 1593 2736 ;
1643 2682 1692 2728 ὅτ
1714 2681 1794 2743 qui
1818 2679 1960 2725 solum
1987 2694 2042 2727 ex
2066 2678 2240 2726 mundo

258 2747 385 2809 sapit,
426 2750 462 2796 is
497 2749 609 2796 nihil
647 2750 788 2807 credit
826 2749 905 2796 nisi
945 2748 1073 2812 quod
1110 2748 1252 2796 sensus
1289 2748 1489 2812 capiunt,
1544 2748 1593 2794 &
1628 2747 1755 2809 quod
1789 2745 1931 2794 credit
1965 2761 2022 2792 ex
2059 2742 2239 2790 fallaciis

258 2812 461 2861 sensuum
498 2817 655 2870 credit,
696 2832 802 2879 quae
825 2815 904 2862 nisi
929 2827 1220 2867 removentur
1252 2830 1331 2878 per
1353 2814 1575 2860 influxum
1602 2829 1656 2859 ex
1681 2810 1891 2875 spirituali
1917 2810 2107 2866 mundo,
2131 2824 2238 2873 pro-

258 2877 432 2924 ducunt
455 2879 582 2928 falsa:
631 2882 734 2929 inde
773 2881 852 2937 est,
880 2882 1017 2944 quod
1043 2880 1285 2944 spiritualia
1323 2881 1363 2927 ei
1405 2894 1493 2925 non
1519 2878 1604 2925 fint
1644 2879 1829 2942 aliquid,
1871 2876 2006 2939 usque
2041 2875 2152 2920 adeo
2186 2885 2238 2920 ut

255 2945 338 2991 vix
362 2942 565 2990 sustineat
586 2947 738 2994 audire
763 2947 999 3010 Spirituale
1034 2948 1289 3002 nominari·,
1335 2958 1605 3008 quapropter
1629 2944 1734 2991 tales
1758 2944 1992 2995 insaniunt,
2030 2953 2135 2985 curn
2170 2950 2234 2985 te-

257 3020 422 3055 nentur
457 3010 501 3054 in
525 3009 690 3070 sphaera
723 3012 963 3075 spirituali;
1013 3012 1139 3060 aliter
1178 3028 1286 3060 cum
1312 3013 1475 3057 vivunt
1512 3013 1557 3057 in
1593 3010 1783 3065 mundo,
1820 3022 1928 3054 tunc
1950 3005 2023 3052 vel
2059 3015 2231 3051 natura-

254 3073 356 3120 liter
378 3074 434 3120 de
458 3073 755 3136 spiritualibus
788 3080 1008 3139 cogitant,
1050 3079 1123 3124 vel
1157 3088 1362 3124 avertunt
1387 3092 1557 3131 aurem,
1596 3077 1682 3122 hoc
1706 3075 1784 3130 est,
1825 3072 2012 3120 audiunt
2052 3070 2099 3115 δε
2141 3085 2231 3116 non

255 3140 505 3189 attendunt.
577 3138 658 3187 Ab
679 3143 951 3204 experientia
986 3143 1060 3190 illa
1089 3146 1224 3191 etiam
1254 3141 1497 3197 constabat,
1544 3141 1668 3202 quod
1695 3136 1924 3186 Naturalis
1962 3134 2104 3182 homo
2143 3152 2235 3249 rign

925 3225 943 3254 1
2109 3215 2170 3263 po
2203 3214 2239 3248 it
