2514 3516
265 183 355 253 60
527 185 641 246 Da
690 142 1423 256 TELLumBusm
1472 179 1992 254 UNIVERSO.

262 307 332 356 sed
360 302 814 368 comprehendebant,
839 303 964 365 quod
988 303 1032 350 in
1065 303 1146 351 hac
1162 303 1365 363 Tellure,
1405 304 1485 352 ubi
1513 321 1723 370 corporea
1753 308 1799 354 δι
1826 307 2042 357 terrestria
2069 319 2247 364 tantum

263 384 486 426 amantur,
526 372 695 418 Divina
725 385 751 416 e
774 368 913 417 Coelo
943 385 1033 417 non
1067 370 1190 416 aliter
1212 371 1375 433 poffint
1397 370 1578 419 influere
1598 373 1646 421 &
1666 375 1831 439 recipi;
1878 378 1924 423 &
1950 377 2075 439 quod
2097 377 2250 427 discri-

264 435 492 485 minosum
515 434 633 482 foret
655 435 739 482 illis
764 433 890 497 loqui
917 450 1025 482 cum
1051 435 1231 498 angelis.
1579 430 1597 437 ”
2236 431 2247 492 ζ,

337 501 450 563 156ι
478 506 717 566 Apparent
752 499 928 564 spiritus
956 500 1076 548 illius
1099 501 1296 550 Telluris
1326 501 1510 566 superne
1534 502 1580 550 in
1603 501 1741 567 plano
1765 503 1952 571 Capitis!
1962 507 2115 556 versus
2137 508 2250 556 dex.-

263 580 419 618 trum:
461 583 618 614 omnes
653 566 830 629 spiritus
869 566 1197 630 dignoscuntur
1218 583 1277 614 ex
1298 568 1382 615 fitu
1417 568 1655 631 respective
1694 569 1751 616 ad
1775 587 1939 635 corpus
1962 568 2250 632 humanum3⁴

262 634 391 698 quod
416 633 483 689 fit,
514 635 621 696 quia
656 632 912 679 universum
935 633 1109 681 coelurn
1141 633 1455 697 correspondet
1479 635 1690 682 omnibus
1712 635 1908 684 hominis
1923 639 2031 700 (f)·,
2079 640 2125 687 hi
2161 639 2250 704 spi-

267 703 380 748 ritus
419 698 459 745 se
494 710 646 746 tenent
684 700 728 744 in
763 696 842 745 illo
877 697 1029 761 plano,
1070 699 1119 744 &
1160 699 1215 745 ad
1254 699 1376 746 illam
1415 697 1682 756 distantIam,
1723 703 1827 763 quia
1865 701 2252 768 correspondentia¹

266 766 451 813 illorum
482 781 573 811 non
603 763 664 810 est
700 779 808 810 cum
838 764 1028 810 externis
1062 764 1184 826 apud
1206 763 1459 820 hominem,
1497 763 1567 811 sed
1605 781 1712 812 cum
1747 767 2040 818 interioribus.
2110 762 2250 819 Aetio

265 832 448 878 illorum
482 829 544 876 est
583 832 627 875 in
664 828 884 875 finistrum
910 828 1062 885 Genu,
1105 826 1234 891 supra
1266 830 1316 877 δε
1351 828 1464 877 infra
1496 830 1704 892 paulum,
1739 847 1846 878 cum
1884 835 2080 897 quadam
2104 837 2250 883 vibra,

263 899 385 943 tione
407 911 627 957 perquam
653 894 838 941 senfibili
861 916 875 949 ς
919 895 1047 957 quod
1076 893 1257 957 lignum
1291 894 1370 952 est,
1407 895 1536 958 quod
1569 895 1938 960 correspondeant
1962 902 2249 964 Coqjunbliom‘

265 961 551 1011 Naturalium
574 961 628 1009 {9⁹
653 960 890 1017 Caelestium.

0 1121 388 1231 OEffimDe
440 1123 728 1230 Qarta
775 1115 1080 1196 Tellure
1142 1117 1215 1195 in
1279 1119 1500 1212 Coelo
1554 1118 1934 1220 Astrifer0‚
2015 1093 2247 1231 deque

0 1240 221 1328 ,walt
721 1259 871 1331 ejus
909 1232 1310 1336 Sp1r1t1bus-'
1338 1233 1421 1308 &
1477 1233 1758 1310 Incolis.

7 1339 103 1390 “thl-
1267 1390 1274 1392 ,

268 1433 378 1482 157.
509 1415 740 1462 Erduffilms
775 1411 873 1460 sum
919 1411 1068 1459 adhuc
1111 1410 1167 1459 ad
1200 1411 1331 1460 aliam
1369 1412 1603 1460 Tellurem
1646 1429 1753 1476 quae
1786 1415 1831 1461 in
1867 1414 2092 1466 Universo
2125 1429 2249 1469 extra

399 1419 496 1545 P
534 1480 771 1528 Mundum
805 1477 1007 1529 nostrum
1036 1478 1252 1533 Sohrem,
1291 1479 1418 1541 quod
1442 1477 1612 1526 factum
1635 1480 1698 1526 est
1721 1496 1800 1543 per
1824 1484 2090 1531 mutationes
2114 1485 2249 1536 status

266 1551 430 1597 mentis
465 1563 598 1602 meae,
629 1548 689 1594 ita
712 1545 863 1609 quoad
888 1544 1128 1608 spiritum3
1170 1559 1294 1600 nam,
1328 1557 1379 1591 ut
1408 1547 1530 1607 prius
1564 1545 1797 1607 aliquoties
1835 1547 2010 1595 dictum
2041 1549 2128 1607 est,
2160 1551 2248 1615 spi-2

265 1617 378 1663 ritus
401 1629 490 1659 non
514 1612 637 1658 aliter
660 1611 921 1674 perducitur
951 1610 1102 1657 eloco
1131 1611 1177 1655 in
1202 1609 1355 1655 locum
1387 1626 1524 1671 quam
1560 1626 1639 1671 per
1672 1613 1940 1658 mutationes
1972 1614 2106 1662 status
2136 1617 2250 1664 inte-

264 1681 437 1727 riorum
461 1676 573 1741 ejm,
614 1693 720 1739 quae
753 1675 1023 1722 mutationes
1059 1686 1273 1736 apparent
1313 1674 1354 1719 ei
1394 1672 1571 1735 prorsus
1607 1674 1719 1719 ficut
1744 1679 2050 1736 promotiones
2086 1698 2110 1726 e
2144 1682 2247 1730 loco

266 1746 502 1793 inlocum
542 1741 614 1788 seu
651 1742 764 1788 ficut
801 1737 1128 1803 profeffiones:
1192 1737 1442 1800 perstabant
1481 1738 1571 1784 illae
1610 1742 1876 1788 mutationes
1917 1745 2128 1792 continue
2167 1763 2249 1809 per

264 1811 424 1858 decem
451 1809 577 1855 horas
602 1808 791 1862 circiter,
833 1816 1073 1866 antequam
1110 1804 1388 1865 pervenirem
1417 1819 1441 1850 a
1465 1803 1576 1849 statu
1602 1805 1711 1851 vitae
1737 1821 1850 1852 meae
1872 1808 1925 1854 ad
1951 1808 2112 1857 statum
2138 1815 2248 1862 vitae

264 1877 448 1924 illorum
466 1894 481 1929 3
502 1875 578 1932 vita
610 1885 846 1933 antequam
871 1869 1018 1932 quoad
1044 1868 1248 1931 spiritum
1282 1884 1437 1916 meum
1462 1869 1568 1915 illuc
1603 1870 1849 1933 productus
1872 1872 1985 1920 sum.
2055 1877 2247 1928 Ferebar

271 1940 416 1988 versus
438 1940 673 1994 orientem,
711 1935 1020 1990 sinistrorsum,
1053 1937 1100 1981 δε
1137 1933 1321 1980 videbar
1343 1934 1497 1980 sensim
1533 1935 1693 1982 elevari
1727 1952 1751 1982 a
1788 1938 1924 2000 plano
1945 1939 2242 1996 horizontali,·

267 2009 403 2055 etiarn
437 2003 666 2052 observare
704 2002 891 2049 dabatur
935 1999 1165 2063 perspicue
1205 2002 1554 2062 progreffionem
1593 2004 1639 2048 δε
1679 2006 2013 2063 promotionem
2048 2022 2072 2052 a
2109 2009 2249 2069 priori

265 2073 388 2128 loco,
427 2070 565 2134 usique
588 2069 768 2116 tandem
794 2080 845 2114 ut
868 2082 959 2114 non
994 2078 1253 2130 apparerent
1291 2066 1484 2128 amplius
1518 2065 1586 2111 illi
1617 2082 1640 2112 a
1663 2067 1826 2128 quibus
1850 2067 2047 2116 disceffi:
2091 2087 2141 2118 ac
2176 2075 2245 2122 irt-

254 2134 383 2185 ¹'terea
406 2152 513 2184 cum
538 2134 777 2199 spiritibuS‚
802 2134 881 2196 qui
905 2147 993 2187 una
1027 2147 1208 2179 mecum
1234 2143 1371 2187 erant,
1397 2131 1453 2177 de
1478 2132 1607 2177 variis
1631 2131 1844 2193 loquutus
1869 2132 1979 2179 sum.
2039 2137 2245 2193 Quidam

267 2204 463 2268 Spiritus
499 2204 634 2248 etiam
660 2198 892 2247 nobiscum
916 2210 1022 2252 erat,
1058 2198 1138 2261 qui
1174 2196 1287 2243 dum
1322 2198 1368 2242 in
1393 2196 1568 2243 mundo
1603 2198 1733 2252 vixit,
1774 2198 1970 2244 Antistes
2005 2201 2051 2246 &
2073 2201 2247 2252 Praedi-

267 2282 392 2316 cator
414 2267 573 2322 fuerat,
614 2266 663 2312 &
686 2281 868 2328 quoque
903 2264 1106 2326 Scriptor
1128 2262 1259 2309 valde
1281 2262 1555 2325 patheticus:
1601 2278 1657 2309 ex
1680 2264 1778 2309 idea
1800 2263 1856 2309 de
1881 2264 1958 2310 illo
1990 2266 2036 2310 in
2060 2282 2133 2313 me
2155 2285 2244 2332 pu.-

270 2335 423 2381 tabant
446 2331 622 2394 spiritus
654 2332 860 2384 comites,
900 2329 1032 2375 illum
1066 2326 1162 2374 fore
1185 2326 1492 2374 Christianum
1525 2328 1661 2374 corde
1692 2343 1787 2389 prae
1810 2329 1989 2391 reliquis
2009 2352 2040 2385 ·,,
2064 2347 2168 2379 nam
2199 2336 2244 2381 in

270 2399 446 2448 mundo
469 2398 641 2460 capitur
666 2394 777 2450 idea,
817 2395 864 2439 ὅτ
896 2391 1126 2455 judicatur
1157 2406 1214 2436 ex
1250 2391 1568 2453 praedicatione
1590 2392 1637 2436 δι
1662 2392 1849 2454 scriptis,
1867 2439 1869 2442 ,
1886 2396 1932 2440 &
1959 2411 2049 2441 non
2078 2413 2134 2444 ex
2156 2401 2249 2447 vita

267 2465 301 2513 fi
326 2466 423 2512 haec
463 2479 553 2509 non
586 2460 741 2515 exstat,
776 2460 825 2506 δε
861 2458 898 2524 ,fi
931 2456 1099 2519 aliquid
1134 2457 1243 2503 vitae
1277 2472 1369 2503 non
1408 2455 1720 2502 concordantis
1761 2470 1957 2520 apparet,
2005 2460 2142 2523 usque
2168 2479 2247 2511 ex·

268 2531 480 2583 cusatur3
529 2543 634 2574 nam
673 2527 772 2572 idea
815 2524 887 2571 seu
923 2523 1139 2585 cogitatio
1174 2522 1223 2568 &
1257 2523 1488 2585 perceptio
1532 2520 1589 2568 de
1627 2522 1781 2585 aliquo
1825 2524 1968 2571 trahit
1997 2530 2151 2576 omnia
2197 2529 2244 2577 in

267 2609 415 2662 partes
450 2594 526 2641 sui.
860 2590 884 2594 w
1035 2594 1038 2595 ⁷
1271 2620 1274 2623 ⁴

341 2666 455 2725 158..
484 2658 728 2722 Postquam
768 2654 1062 2703 animadverti
1098 2669 1171 2700 me
1208 2652 1290 2700 effe
1333 2653 1378 2700 in
1418 2650 1798 2709 CoeloAstrifero
1836 2655 2242 2721 quoad'Spir-itum

266 2727 404 2790 longe
443 2739 568 2774 extra
605 2723 833 2770 mundum
875 2720 1012 2768 nostri
1046 2720 1197 2774 Solis;
1239 2719 1325 2766 hoc
1357 2719 1479 2765 enirn
1513 2718 1805 2766 animadverti
1839 2720 1983 2782 potest
2019 2739 2074 2770 ex
2097 2738 2244 2772 muta-

271 2793 466 2839 tionibus
490 2792 622 2838 status
646 2791 694 2836 ὅτ
719 2788 821 2834 inde
849 2797 1085 2850 apparente
1109 2786 1408 2848 progreflione
1442 2785 1678 2839 continua,
1717 2800 1823 2846 quae
1860 2799 1966 2841 erat,
2003 2804 2132 2851 paene
2165 2789 2244 2841 de„-

271 2873 374 2904 cem
412 2858 654 2910 horarum3
701 2854 880 2901 tandem
921 2852 1074 2898 audivi
1110 2851 1302 2913 Spiritus
1341 2850 1576 2912 loquentes
1599 2847 1733 2910 juxta
1771 2850 1969 2913 aliquam
1992 2854 2241 2912 Tellurem,

272 2937 379 2984 quae
402 2922 551 2983 postea
577 2922 711 2967 etiam
739 2918 848 2966 mihi
874 2917 964 2965 visa
994 2917 1095 2964 estz·
1122 2916 1178 2962 ad
1203 2931 1321 2978 quos
1356 2931 1464 2962 cum
1500 2916 1877 2978 appropinquavi,
1911 2918 2010 2979 post
2046 2918 2241 2980 aliquam

273 2987 686 3049 colloquutionem,
722 2985 971 3039 dicebant,-
997 2982 1124 3045 quod
1164 2981 1219 3027 ad
1266 2980 1365 3027 illos
1406 2983 1680 3043 quandoque
1726 2981 1916 3043 hospites
1949 2980 2124 3028 aliunde
2165 3001 2243 3031 ve-

275 3053 416 3107 niant,
450 3051 530 3112 qui
574 3050 822 3110 loquuntur
864 3064 973 3094 cum
1017 3049 1101 3094 illis
1145 3047 1202 3093 de
1239 3047 1374 3102 Deo,
1401 3048 1449 3092 &
1483 3046 1767 3092 confundunt
1805 3048 1920 3092 ideas
1960 3049 2243 3107 cogitationis

269 3118 466 3167 eorum:
506 3113 809 3162 monstrabant
829 3114 964 3159 etiam
988 3114 1110 3160 viam
1133 3126 1213 3174 per
1236 3126 1373 3172 quam
1395 3112 1604 3168 veniunt,
1622 3127 1682 3158 ex.
1700 3126 1788 3173 qua
1810 3117 2241 3175 perceptun]‚,qu0d

2108 3180 2242 3231 effent
