2632 3516
765 267 1585 332 ;·scR.1PJTURA
1660 252 2094 331 sAc'··RA.
2343 290 2374 343 7

382 396 619 454 manifeste
636 409 793 464 patet,
822 413 931 450 nam
955 400 1143 459 dicitur,
1173 409 1391 448 vocum
1425 411 1593 446 nonen
1630 411 1740 457 ujus
1771 397 1991 448 anntm
2018 399 2147 458 Dm3
2178 395 2230 448 ἂ
2248 398 2373 462 quod

382 467 438 517 fit
463 465 690 520 Dominus
723 464 800 530 qui
818 464 1099 530 intelligitur,
1130 466 1273 514 etiam
1291 459 1527 512 manifeste
1550 472 1673 523 patet
1687 497 1700 518 ,
1735 475 1840 511 nam
1860 463 2024 512 dicitur
2046 464 2166 528 quod
2186 462 2377 514 Nomen

380 532 587 583 sedentis
608 531 736 595 super
753 545 870 595 equo
891 531 1104 594 scriptum
1127 528 1205 588 fit,
1228 529 1337 578 Rex
1356 542 1525 576 Restm
1551 541 1612 574 iar
1632 527 1868 575 Dominus
1891 536 2199 580 nouinoiwu.
2231 528 2375 594 Quod

382 595 541 647 Sensus
568 597 812 661 Spiritualis
848 596 996 646 Verbi
1017 593 1280 660 aperiendus
1301 593 1355 642 fit
1379 593 1427 642 in
1444 591 1535 640 fine
1554 589 1765 639 Ecclesiae
1781 626 1794 648 ‚
1828 589 2100 654 significatur
2118 609 2207 644 non
2229 595 2374 644 modo

378 677 460 728 per
479 662 553 711 illa
572 677 673 725 quae
689 662 748 711 de
770 662 905 726 Equo
927 661 979 711 δι
998 662 1058 710 de
1074 660 1270 710 Sedente
1287 659 1415 722 super
1434 658 1508 706 illo
1532 671 1651 705 nunc
1672 654 1792 704 dieta
1813 654 2023 715 sunt,sed
2039 660 2173 706 etiam
2186 675 2264 722 per
2273 661 2371 708 Cae-

380 743 486 779 nam
502 742 711 791 magnam
723 765 736 786 ‚
763 727 823 776 ad
846 742 978 791 quam
997 742 1080 790 per
1100 726 1324 791 Angelum
1345 724 1390 772 in
1411 723 1500 772 sole
1518 721 1713 771 stantem
1731 735 1888 768 omnes
1906 720 2084 774 invitati
2109 721 2204 770 sunt
2225 738 2272 772 ut
2291 740 2370 774 ve-

379 795 554 852 nirent,
589 808 643 842 ac
660 793 844 841 ederent
861 807 1016 842 carnes
1036 806 1191 855 regum
1224 789 1275 841 δι
1294 788 1635 838 chiliarchorum
1651 823 1663 846 ‚
1696 786 1910 843 fortium,
1949 802 2188 850 equorum,
2216 789 2371 837 seden-

378 860 491 908 tium
510 857 637 921 super
654 859 734 907 illis
748 895 762 917 ‚
797 858 999 906 omnium
1021 858 1258 906 liberorum
1285 854 1335 904 Gt
1359 855 1611 906 servorum:
1641 866 1799 901 omnes
1817 851 1887 900 hae
1909 851 2204 914 expressiones
2225 852 2372 902 forent

379 938 518 973 voces
550 938 706 981 vanae,
740 922 792 972 ἃ
815 922 977 987 absque
998 922 1111 972 Vita
1127 921 1176 972 ἀ
1198 920 1390 985 Spiritu,
1424 917 1502 968 nifi
1524 918 1765 982 Spirituale
1794 917 1910 968 intus
1929 916 2075 967 inillis
2092 916 2200 966 effet
2213 953 2228 977 ,
2263 916 2375 967 ficut

375 1003 526 1038 anima
545 1004 592 1037 in
611 1003 669 1037 co
753 1003 818 1036 re.

450 1069 526 1110 10,
558 1053 612 1102 In
631 1003 901 1117 Afficalypfi
921 1053 1030 1116 Cap.
1053 1051 1164 1100 XIX
1186 1050 1446 1100 describitur
1465 1050 1526 1098 ita
1547 1047 1710 1099 Sanfia
1734 1048 2052 1113 Hierosolyma
2066 1086 2079 1103 ,
2117 1085 2147 1107 ,,
2184 1047 2308 1112 Quod
2324 1050 2366 1094 in

375 1119 447 1165 illa
473 1116 564 1178 effic
596 1117 820 1164 Luminare
839 1115 976 1178 fimile
1007 1117 1161 1178 Lapidi
1184 1113 1488 1179 pretiofiffimo,
1515 1112 1625 1176 ficut
1655 1115 1775 1176 lapidi
1789 1113 1942 1177 jaspidi
1956 1150 1970 1172 ,
2003 1113 2132 1177 instar
2157 1111 2369 1175 Chrgsstalli

364 1179 408 1246 s
419 1181 603 1229 londonii.
672 1180 797 1247 Quod
812 1182 972 1229 haberet
995 1183 1166 1229 Murum
1188 1187 1379 1242 magnum
1401 1177 1458 1233 ἐξ
1478 1181 1604 1227 altum
1618 1216 1632 1238 ,
1667 1180 1876 1227 habentem
1899 1179 2044 1226 Portas
2063 1179 2282 1235 duodecim,
2313 1176 2370 1230 ἐξ

367 1195 492 1310 ,ἔφη
515 1247 645 1308 portis
662 1246 838 1307 Angelos
857 1246 1050 1294 duodecim
1063 1281 1078 1305 ,
1114 1243 1171 1299 &²
1195 1246 1373 1292 Nomina
1396 1246 1555 1307 Scripta
1572 1244 1767 1291 duodecim
1795 1242 1984 1291 Tribuum
1995 1241 2174 1304 filiorum
2192 1239 2372 1303 Israelis.

376 1309 502 1375 ,szd
530 1311 683 1357 Murus
709 1308 804 1372 efflet
841 1324 933 1369 144
952 1312 1198 1367 cubitorum,
1233 1324 1320 1370 quae
1341 1325 1361 1355 e
1417 1307 1599 1370 mensura
1622 1309 1836 1368 Hominis,
1872 1309 1942 1355 hoc
1960 1308 2043 1371 est,
2078 1308 2242 1368 Angeli.
2311 1307 2371 1354 Ec

373 1373 476 1435 quod
491 1371 702 1438 struitura
720 1376 842 1422 Muri
864 1372 955 1436 efflt
970 1371 1102 1436 jaspis
1116 1409 1131 1431 ,
1166 1371 1222 1426 &³
1241 1371 1330 1434 fun
1381 1383 1515 1419 menta
1540 1375 1630 1434 ejus
1650 1387 1702 1419 ex
1722 1375 1829 1420 omni
1847 1373 1971 1435 lapide
1986 1369 2176 1434 preticfii,
2212 1387 2263 1419 ex
2278 1370 2369 1434 jas-

374 1437 495 1502 pide,
516 1435 731 1500 sapphiro,
763 1438 1027 1495 chalcedonio,
1058 1437 1301 1499 smaragdo,
1322 1433 1592 1498 sardonyche,
1615 1435 1778 1498 sardio,
1821 1435 2072 1498 chryfiilitho,
2106 1437 2272 1498 beryllo,
2309 1447 2367 1481 to·

370 1504 520 1565 pezio,
552 1499 796 1564 chryfhprafh
807 1535 827 1560 ,
860 1503 1070 1564 hyacintho
1107 1499 1164 1555 &²
1191 1499 1413 1563 amethistO.
1489 1499 1613 1566 Quod
1631 1501 1823 1550 duodeum
1856 1500 1993 1547 Portae
2022 1497 2140 1560 effimt
2169 1501 2365 1546 duodecim

375 1568 626 1626 margarita.
683 1566 808 1631 ,Quod
831 1565 915 1628 ipsa
948 1566 1105 1614 Civitas
1135 1564 1227 1628 effet
1259 1580 1399 1612 aurum
1426 1577 1568 1629 purum
1586 1598 1601 1620 ,
1625 1563 1762 1625 simile
1790 1566 1898 1612 vitro
1911 1576 2038 1625 puro,·
2075 1561 2132 1616 &²
2150 1566 2249 1625 quod
2275 1562 2368 1625 effa

377 1629 707 1692 quadrangularis
718 1645 736 1688 3
769 1629 994 1691 longitudo,
1028 1631 1213 1688 latitudo,
1249 1627 1306 1682 ὅ)
1337 1629 1508 1676 altitudo
1534 1627 1652 1691 ff’m
1681 1629 1851 1690 aquales
1874 1665 1888 1686 ,
1939 1643 2095 1676 12000
2112 1628 2366 1691 stadiorumt

373 1705 536 1758 praeter
562 1695 699 1756 plura.
766 1692 904 1760 Quod
932 1694 1086 1741 omnia
1111 1693 1211 1742 haec
1228 1692 1519 1755 spiritualiter
1536 1692 1823 1756 intelligenda
1842 1691 1952 1752 sint,
1985 1691 2189 1741 constare
2209 1690 2367 1756 potest

376 1774 435 1807 ex
466 1773 549 1816 eu,
582 1757 701 1822 quod
728 1773 809 1821 pei·
838 1757 1047 1808 SanEiam
1078 1757 1446 1820 Hierosolymam
1476 1756 1746 1820 significetur
1783 1772 1903 1806 nova
1934 1756 2134 1806 Ecclesia
2152 1791 2168 1815 ,
2204 1772 2304 1820 quae
2341 1771 2371 1806 a

378 1823 584 1873 Domino
615 1821 896 1872 instauranda
925 1821 1014 1882 est,
1047 1835 1097 1871 ut
1125 1824 1172 1872 in
1202 1824 1459 1872 Docimus
1485 1824 1544 1871 de
1563 1824 1768 1871 Domno
1789 1837 1833 1870 n.
1858 1826 1917 1870 62
1942 1820 1999 1870 ad
2023 1827 2108 1882 65,
2145 1821 2368 1871 ostensum

378 1885 468 1936 est:
505 1886 556 1936 ἃ
586 1888 688 1950 quia
718 1902 800 1951 pei·
829 1888 1193 1952 Hierosolymam
1223 1888 1286 1937 ibi
1319 1886 1591 1952 significatur
1620 1886 1844 1943 Ecclefia,
1880 1885 2095 1949 sequitur,
2130 1887 2247 1949 quod
2273 1903 2372 1936 om·

377 1952 452 2000 nia
466 1985 481 2009 ,
497 1966 596 2027 qnae
614 1951 822 2001 dicuntur
842 1952 901 2001 de
917 1953 1018 2012 illa,
1040 1965 1091 2002 ut
1113 1953 1338 2011 Civitate,
1371 1953 1430 2001 de
1445 1954 1584 2017 portis
1602 1954 1720 2017 ejus,
1755 1952 1814 2000 de
1832 1967 1962 2000 muro
1983 1953 2078 2016 ejus
2091 1989 2104 2011 ,
2138 1952 2196 2000 de
2216 1952 2375 2001 funda-

377 2028 540 2066 mentis
558 2017 698 2077 muri,
724 2029 818 2065 tuin
844 2033 942 2082 quae
963 2018 1022 2067 de
1043 2018 1253 2068 mensuris
1274 2032 1456 2079 eorum,
1490 2017 1659 2067 sensum
1680 2017 1947 2081 spiritualem
1971 2017 2374 2076 contineant‚·nam

377 2080 476 2141 illa,
513 2096 611 2146 quae
641 2081 853 2131 Ecclefiae
882 2083 1003 2142 sunt,
1038 2083 1292 2147 spiritualia
1326 2082 1437 2132 sunt.
1504 2083 1627 2150 Quid
1658 2095 1808 2131 autem
1830 2082 1996 2146 singula
2019 2081 2291 2146 significant,
2325 2083 2372 2131 in

358 2146 536 2259 *sapere
566 2147 626 2195 de
642 2147 790 2221 Nova
810 2149 1166 2198 Hiizitosomim
1187 2147 1386 2196 Londini
1406 2148 1544 2198 Anno
1567 2153 1691 2208 1758
1706 2183 1719 2206 ‚
1754 2147 1922 2221 edito&
1938 2162 1981 2194 n.
2011 2163 2028 2194 1
2049 2180 2065 2204 ‚
2080 2147 2371 2220 ‘explicatum

371 2213 928 2336 {eniussusssssleiilszllss
947 2210 2213 2339 effissffiiieciessssss‘tisssssiss'ejuffff‘ffteffssissi'¹2259s31¹?;‘⁰fsz
2248 2212 2371 2337 3333

379 2338 541 2400 absque
567 2339 642 2386 illo
674 2339 817 2394 sensu,
851 2339 959 2386 nihil
990 2339 1205 2387 Ecclefiae
1237 2340 1554 2402 intelligeretur
1583 2341 1628 2386 in
1661 2341 1741 2387 illis
1772 2354 1869 2401 quae
1893 2339 1954 2386 ibi
1976 2339 2138 2400 scripta
2160 2343 2281 2394 lunt,
2318 2348 2368 2388 ut

415 2402 503 2448 uod
536 2402 705 2449 Civitas
736 2401 843 2448 effet
873 2417 930 2448 ex
959 2416 1071 2464 puro
1094 2417 1228 2460 auro,
1264 2416 1406 2464 portae
1426 2403 1520 2464 ejus
1545 2417 1600 2450 ex
1622 2404 1894 2464 margaritis,
1928 2418 2077 2449 murus
2096 2417 2150 2449 ex
2171 2402 2366 2465 jaspide,

407 2464 674 2512 undamenta
690 2464 806 2514 muri
825 2480 881 2512 en
902 2466 1118 2528 lapidibus
1140 2465 1365 2529 pretiosis,
1388 2467 1506 2529 quod
1531 2468 1692 2514 Murus
1714 2465 1821 2514 ess'et
1848 2481 1936 2524 144
1958 2464 2232 2524 cubitorum,
2266 2483 2368 2531 quae

380 2528 582 2578 mensura
599 2529 818 2586 hominis,
834 2530 923 2578 hoc
946 2528 1010 2578 est
1024 2567 1039 2589 ,
1068 2531 1371 2595 angeli,quod
1392 2531 1485 2594 ipsa
1503 2532 1603 2579 urbs
1625 2529 1731 2578 esset
1756 2531 2028 2594 longitudine
2043 2569 2054 2587 ‚
2071 2532 2300 2580 latitudine
2318 2532 2370 2581 &

381 2593 611 2643 altitudine
628 2609 783 2643 12000
795 2593 1036 2643 stadiorum
1049 2632 1064 2656 ,
1085 2596 1134 2646 ἃ
1155 2597 1292 2660 plura.
1327 2596 1419 2662 Qui
1438 2608 1587 2645 autem
1601 2611 1656 2644 ex
1672 2596 1866 2644 Scientia
1886 2596 2370 2658 correspondentiarum

380 2658 551 2707 sensum
572 2659 854 2722 spiritualem
878 2660 1006 2709 novit
1027 2697 1040 2718 ,
1077 2662 1113 2710 is
1131 2661 1335 2724 intelligit
1359 2662 1431 2709 illa
1450 2694 1466 2718 ‚
1502 2673 1551 2708 ut
1577 2661 1695 2722 quod
1716 2662 1877 2708 Murus
1899 2659 1946 2709 ἃ
1967 2661 2255 2709 fundamenta
2277 2664 2370 2726 ejus

383 2722 912 2787 fignificentDoctrinam
934 2740 990 2772 ex
1017 2725 1137 2774 sensu
1166 2726 1321 2776 literali
1350 2726 1523 2785 Verbi,
1560 2725 1609 2774 ἃ
1638 2725 1757 2789 quod
1778 2727 1950 2774 numeri
1980 2740 2052 2772 12.
2080 2741 2185 2786 144.
2214 2741 2368 2777 leoco

383 2787 536 2838 similia
558 2788 832 2851 fignificent,
865 2805 1029 2852 nempe
1050 2791 1202 2841 omnia
1221 2806 1328 2838 vera
1347 2789 1396 2839 δι
1420 2793 1538 2840 bona
1557 2789 1766 2839 Ecclefiae
1786 2791 1830 2838 in
1850 2806 1938 2838 uno
1956 2791 2211 2854 complexu.

451 2868 527 2902 11.
563 2854 617 2901 In
639 2854 905 2917 Apocalypsi
930 2856 1038 2916 Cap.
1057 2856 1180 2913 VII,
1212 2855 1404 2912 dicitur,
1439 2892 1471 2914 „
1506 2855 1630 2921 ,Quod
1652 2871 1840 2914 1440co
1858 2854 2055 2917 obsignati
2074 2855 2214 2919 efflat,
2243 2872 2367 2905 1200

383 2932 437 2966 ex
467 2920 688 2979 unoquovis
713 2918 835 2965 Tribu
856 2918 1049 2980 Israelis,
1087 2921 1245 2967 totidem
1264 2935 1316 2966 ex
1342 2920 1466 2966 Tribu
1487 2919 1661 2979 Jehudae
1687 2955 1700 2976 ,
1737 2936 1789 2966 ex
1814 2919 1937 2966 Tribu
1959 2919 2143 2967 Rubenis
2163 2958 2177 2979 ,
2216 2922 2366 2975 Gadis,

383 2980 596 3043 Ascheris,
641 2983 863 3045 Naphtali,
909 2981 1139 3046 Menaffis,
1183 2985 1379 3031 Simeonis
1398 3021 1412 3043 ‚
1450 2985 1583 3041 Levi,
1621 2983 1893 3047 Jisascharis‚
1927 2984 2164 3043 Zebulonis,
2203 2986 2368 3049 Jostphi

383 3044 442 3100 ἐξ
461 3047 728 3109 Benjaminis.
796 3046 952 3095 Sensus
972 3048 1213 3110 Spiritualis
1237 3048 1394 3096 horum
1420 3047 1508 3106 est,
1546 3050 1662 3112 quod
1690 3064 1843 3096 omnes
1858 3085 1871 3107 ,
1906 3049 2024 3112 apud
2045 3064 2152 3111 quos
2173 3051 2369 3100 Ecclesia

383 3125 413 3158 a
433 3113 634 3160 Domino
653 3109 717 3159 est
730 3146 744 3169 ,
777 3111 994 3160 salventur
1008 3126 1018 3160 :
1034 3113 1078 3161 in
1096 3113 1317 3176 Spirituali
1339 3115 1456 3162 enim
1478 3114 1597 3162 sensu
1620 3129 1700 3177 per
1719 3113 1876 3177 [ignari
1895 3115 1939 3161 in
1960 3113 2176 3164 frontibus
2198 3117 2268 3164 seu
2290 3116 2369 3162 ob·

387 3174 574 3239 signari,
608 3175 880 3254 significatui·
908 3168 1087 3242 agno’sci
1105 3193 1131 3228 a
1154 3178 1356 3229 Domino
1377 3178 1425 3230 ἃ
1452 3179 1607 3231 salvari
1630 3195 1645 3241 3
1677 3194 1759 3243 per
1783 3178 2024 3229 duodecim
2051 3180 2217 3231 Tribus
2240 3181 2373 3292 malis-
