2502 3432
264 158 307 250 6
585 185 731 250 DE
798 182 1303 251 ULTIMo
1382 188 1965 280 JUD1c1o·

267 405 501 522 Qod
565 406 1099 487 Procreationes
1169 406 1478 489 Generis
1536 411 1868 496 Humani
1925 412 2000 493 in
2057 413 2262 521 terris

748 521 1103 632 nusquam
1159 521 1524 605 ceffaturae
1583 524 1739 635 fint.¹

527 771 614 819 fint
650 773 804 832 omnia
841 791 948 833 quae
987 776 1035 819 in
1067 776 1217 820 Coelis
1257 777 1306 822 δε
1341 778 1386 821 in
1410 777 1563 822 Terris
1597 776 1715 830 sunt,
1752 777 1801 821 &
1825 778 1950 838 quod
1975 778 2077 825 loco
2099 795 2261 830 eorum

533 848 708 880 novum
734 834 922 883 Coelum
955 837 1006 884 δε
1041 852 1161 885 nova
1184 839 1330 886 Terra
1360 837 1573 885 exstitura
1596 837 1696 895 fint,
1734 841 1939 899 credunt,
1975 845 2082 905 quia
2122 845 2169 892 id
2209 860 2266 893 ex

266 916 387 950 nexu
424 914 577 947 rerum
617 898 831 963 sequitur,
866 901 994 965 quod
1031 903 1354 952 Generationes
1397 905 1447 951 &
1485 905 1814 954 Procreationes
1838 908 2025 956 Generis
2051 911 2263 958 Humani

263 966 414 1031 postea
436 965 659 1013 ceffaturae
682 966 783 1024 fint,
818 970 1022 1033 cogitant
1053 970 1175 1018 enim
1215 971 1343 1034 quod
1382 972 1536 1018 omnia
1572 987 1692 1020 nunc
1727 974 1903 1036 peracta
1923 974 2025 1030 fint,
2062 975 2110 1022 &
2135 976 2263 1039 quod

265 1032 470 1080 homines
494 1032 542 1079 in
564 1032 652 1080 alio
675 1031 788 1081 statu
810 1033 949 1083 futuri
972 1046 1110 1100 quam
1132 1034 1255 1101 prius
1276 1056 1287 1085 :
1326 1036 1400 1084 sed
1437 1037 1542 1101 quia
1583 1039 1785 1087 interitus
1818 1041 1979 1088 mundi
2014 1056 2106 1088 non
2129 1042 2262 1088 intel-

265 1097 419 1158 lefius·
446 1098 509 1146 est
548 1115 628 1162 per
662 1099 786 1162 diem
809 1101 982 1149 Ultimi
1005 1101 1195 1164 Judicii,
1231 1116 1284 1151 ut
1306 1103 1353 1151 in
1389 1104 1672 1168 praecedente
1695 1106 1910 1153 Articulo
1932 1105 2155 1153 ostensum
2180 1105 2260 1163 est,

264 1162 465 1229 sequitur
502 1166 653 1230 etiam.
677 1167 804 1230 quod
839 1168 998 1217 Genus
1034 1170 1310 1218 Humanum
1348 1168 1689 1234 permansurum
1725 1170 1795 1230 fit,
1831 1172 1880 1220 δε
1903 1171 2030 1236 quod
2055 1185 2261 1235 procrea·

265 1231 411 1278 tiones
433 1246 526 1278 non
548 1231 775 1280 ceffaturae
797 1233 896 1282 fint.
2147 1227 2162 1249 ’

333 1310 380 1360 7.
425 1297 573 1356 Quod
652 1301 945 1350 rocreationes
985 1302 1174 1350 Generis
1213 1302 1424 1350 Humani
1470 1302 1517 1349 in
1557 1314 1796 1350 aeternum-
1819 1301 2120 1367 pe'rmansurae
2150 1301 2262 1362 fiat,

266 1361 463 1410 constare
502 1376 607 1427 pote
684 1379 742 1412 ex
778 1365 998 1428 pluribus,
1033 1383 1233 1430 quorum
1272 1366 1418 1430 aliqua
1456 1368 1501 1414 in
1525 1369 1679 1430 Opere
1714 1369 1770 1415 de
1796 1368 1931 1416 Coelo
1953 1369 2122 1418 ostensa
2143 1369 2263 1428 sunt,

269 1429 494 1491 imprimis
533 1445 589 1475 ex
630 1430 714 1485 his,
751 1431 787 1476 I.
814 1431 960 1492 Qod
996 1433 1153 1479 Genus
1192 1434 1467 1479 Humanum
1506 1433 1558 1479 s1t
1592 1432 1718 1487 baiis,
1755 1433 1884 1496 super
1917 1450 2013 1498 quo
2050 1433 2264 1483 fundatur

266 1490 458 1540 cassuin.
525 1493 586 1541 II.
624 1494 771 1552 Quod
795 1495 952 1544 Genus
977 1498 1255 1546 Humanum
1278 1498 1331 1544 fit
1353 1498 1654 1545 Seminarium
1679 1499 1819 1546 Coeli.
1887 1499 1972 1546 ΙΙΙ.
2011 1501 2153 1559 Quod
2182 1517 2265 1549 ex*

267 1559 409 1607 tensio
442 1558 564 1616 coeli,
599 1560 727 1623 quod
760 1577 846 1624 pro
869 1564 1080 1627 Angelis,
1116 1576 1212 1611 tam
1236 1564 1453 1612 immensa
1475 1563 1544 1621 fit,
1581 1577 1633 1612 ut
1657 1565 1701 1611 in
1724 1577 1945 1611 aeternum
1971 1580 2062 1613 non
2084 1566 2264 1630 impleri

266 1623 413 1694 poffit.
482 1626 565 1673 IV.
602 1626 748 1685 Quod
773 1631 905 1692 pauci
927 1630 1011 1678 fint
1034 1631 1291 1693 respefflve,
1326 1646 1382 1677 ex
1402 1629 1566 1693 quibus
1590 1630 1737 1678 adhuc
1760 1630 1964 1676 Caelum.
2016 1632 2077 1678 V.
2115 1632 2264 1696 Qod

268 1689 484 1757 perfectio
507 1691 631 1739 Coeli
655 1692 818 1740 crescat
848 1694 1096 1743 secundum
1130 1696 1446 1760 pluralitatem.
1515 1695 1599 1745 VI.
1637 1695 1702 1741 Et
1725 1694 1850 1758 quod
1874 1696 2011 1742 omne
2034 1712 2150 1761 opus
2176 1698 2263 1744 Di·

265 1754 427 1806 vinum
451 1755 616 1822 spectet
638 1758 868 1807 infinitum
892 1760 942 1808 &
964 1773 1202 1810 aeternum.

335 1843 381 1889 9.
418 1822 549 1887 Qod
565 1825 704 1874 Genus
720 1827 964 1875 Humanum
973 1828 1038 1886 stt
1060 1829 1183 1887 basts,
1208 1830 1339 1892 super
1361 1844 1438 1893 quo
1450 1825 1672 1890 fundatur
1688 1823 1855 1884 Coelum,
1889 1826 1952 1875 est
1967 1824 2264 1898 fluia‘JHomo

269 1890 436 1944 ultimo
469 1904 642 1949 creatus
682 1891 763 1949 est,
799 1895 848 1941 δε
871 1894 1000 1957 quod
1035 1895 1202 1943 ultimo
1237 1898 1440 1945 creatum
1472 1893 1563 1950 est,‘
1590 1893 1763 1965 {190³ssst
1782 1893 1895 1951 bans
1919 1895 2132 1940 Omnium
2155 1909 2265 1957 quae

267 700 334 770 6.¹
345 702 597 871 QUI
632 705 689 755 de
722 706 910 758 Ultimo
932 710 1119 772 Judicio
1157 726 1254 759 eam
1295 710 1437 758 fidem
1476 722 1708 773 ceperunt,
1742 712 1870 775 quod
1902 722 2011 762 tunc
2035 710 2265 764 interitura

267 1955 563 2022 praecedunt:
613 1953 799 2002 Creatio'
829 1960 1056 2006 inchoavit
1093 1979 1118 2005 a
1157 1961 1486 2021 supremis-seu
1525 1947 1716 2010 intimis,
1751 1953 1856 2016 quia
1895 1967 1950 1998 ex
1987 1954 2178 2011 Divino,
2211 1955 2263 2004 ὅτ
2346 2014 2348 2016 ¹

269 2023 476 2087 proceffit
497 2022 554 2069 ad
575 2021 736 2069 ultima
760 2022 831 2069 seu
853 2036 1074 2080 extrema,
1109 2026 1157 2071 δε
1183 2035 1291 2071 tunc
1315 2025 1515 2086 primum
1540 2019 1754 2068 substitit:
1790 2018 2004 2065 ultimum
2030 2021 2262 2069 creationis

269 2088 334 2136 est
358 2088 578 2136 Mundus‘
593 2087 819 2145 naturalis,
841 2091 904 2137 ³&
927 2091 973 2137 in
996 2105 1051 2137 eo
1073 2100 1328 2153 terraqueus
1353 2088 1488 2134 Orbis
1521 2102 1628 2134 cum
1653 2085 1865 2160 omnibus
1887 2100 1993 2147 quae
2016 2084 2146 2148 super
2168 2085 2259 2133 illo.

273 2155 480 2215 Quando
519 2156 617 2202 haec
655 2156 830 2218 peracta
864 2155 985 2213 sunt,
1019 2169 1127 2204 tunc
1168 2168 1339 2202 creatus
1379 2154 1442 2200 est
1465 2154 1646 2208 Homo,
1682 2153 1732 2198 δε
1756 2153 1801 2197 in
1825 2151 1954 2197 illum
1980 2150 2138 2197 collata
2161 2151 2263 2199 sunt

265 2216 426 2282 ⁴‚omnia
449 2221 638 2268 Ordinis
657 2222 818 2270 Divini
841 2238 867 2268 a
888 2221 1048 2286 primis
1068 2222 1124 2270 ad
1148 2222 1338 2277 ultima·,
1374 2221 1419 2267 in
1445 2220 1603 2266 intima
1624 2215 1718 2281 ejus
1737 2217 1906 2293 ’collata
1939 2215 2039 2264 sunt
2062 2216 2135 2263 illa
2154 2231 2263 2280 quae

271 2288 319 2337 in
345 2288 503 2350 primis
526 2288 644 2342 illius
667 2288 854 2339 Ordinis
878 2287 994 2345 sunt,
1029 2290 1075 2336 in
1111 2289 1276 2341 'ultima
1312 2285 1406 2351 ejus
1442 2301 1550 2349 quae
1586 2285 1632 2332 in
1667 2283 1837 2331 ultimis
1858 2304 1875 2339 3
1909 2282 1967 2329 fic
2003 2295 2055 2331 ut
2094 2283 2263 2333 Homo

274 2353 418 2400 fastus
454 2353 508 2399 fit
543 2355 742 2401 Divinus
774 2354 908 2401 Ordo
943 2356 990 2400 in
1027 2354 1202 2402 forma:
1239 2354 1343 2401 inde
1381 2351 1462 2407 est,
1497 2351 1623 2414 quod
1662 2351 1813 2398 omnia
1845 2364 1951 2412 quae
1989 2350 2036 2396 in
2076 2349 2262 2398 homine

276 2420 326 2466 &
350 2420 472 2481 apud
495 2415 729 2465 hominem
754 2419 870 2475 sunt,
906 2431 1000 2467 tam
1038 2435 1097 2466 ex
1129 2418 1267 2467 Coelo
1305 2433 1444 2482 quam
1482 2432 1539 2465 ex
1578 2418 1754 2464 mundo
1790 2414 1891 2473 fint,
1924 2431 1982 2462 ex
2013 2416 2153 2462 Coelo
2185 2415 2264 2486 illa

277 2491 384 2547 quae
407 2482 514 2546 ejus
552 2485 726 2531 Mentis
745 2483 877 2540 sunt,
912 2485 963 2531 ὅτ
986 2501 1042 2532 ex
1066 2486 1252 2533 Mundo
1282 2485 1356 2531 illa
1373 2499 1497 2595 ἓυεε
1522 2479 1616 2543 ejus
1640 2482 1885 2544 Corporis3
1922 2482 2116 2527 influunt
2139 2482 2264 2528 enim

279 2551 354 2598 illa
377 2567 482 2613 quae
506 2550 627 2597 Coeli
649 2550 748 2596 sunt
771 2551 814 2598 in
840 2549 935 2614 ejus
959 2551 1250 2614 cogitationes
1275 2552 1322 2598 &
1346 2565 1370 2595 a
1407 2548 1618 2603 ectiones,
1653 2564 1703 2594 ac
1720 2546 1875 2593 fistunt
1897 2546 1990 2619 illas
2013 2546 2262 2594 secundum

279 2617 582 2680 receptionem
605 2616 659 2663 ab
679 2614 772 2680 ejus
792 2616 966 2681 spiritu,
1001 2618 1045 2664 ὅτ
1073 2633 1123 2664 ea
1144 2632 1248 2680 quae
1273 2613 1444 2664 Mundi
1477 2612 1577 2660 sunt
1606 2614 1802 2661 influunt
1825 2615 1869 2660 in
1891 2628 1983 2676 ejus
2007 2612 2263 2672 sensationes

281 2683 331 2729 &
354 2682 622 2746 voluptates,
657 2682 884 2731 &sistunt
918 2684 1010 2730 illas
1043 2683 1289 2731 secundum
1325 2681 1625 2745 receptionem
1654 2682 1700 2727 in
1727 2678 1820 2743 ejus
1852 2695 2056 2752 corpore,
2091 2678 2166 2755 sed
2186 2694 2259 2725 ac·

282 2749 572 2796 commodate
595 2749 841 2797 secundum
865 2751 1193 2797 convenientias
1217 2748 1547 2811 cogitationum
1572 2747 1621 2794 δε
1645 2746 1933 2794 affectionum
1957 2761 2049 2807 ejus
2069 2743 2259 2807 spiritus.

280 2814 427 2871 Quod
452 2815 510 2860 ita
533 2815 600 2870 s1t,
626 2815 839 2872 jv'ideatur
874 2818 917 2862 in
953 2817 1155 2880 pluribus
1181 2816 1412 2869 Articulis,
1449 2813 1526 2860 ubi
1562 2813 1712 2859 aetum
1750 2813 1813 2859 est
1851 2814 1908 2861 de
1942 2812 2076 2860 Coeio
2108 2810 2156 2857 &
2180 2810 2256 2856 In-

283 2876 428 2932 ferno,
465 2880 687 2940 imprimis
713 2884 756 2927 in
781 2882 864 2938 his,
902 2883 1045 2940 Quod
1071 2881 1345 2930 Universum
1383 2880 1581 2927 Coelum'
1611 2881 1655 2925 in
1695 2895 1788 2926 uno
1826 2879 2067 2942 complexu
2104 2872 2260 2948 referat

287 2959 430 2989 unum
457 2945 729 2999 Hominem,
766 2963 794 2992 n
815 2966 826 2993 :
849 2966 908 3010 59
934 2949 988 2994 ad
1013 2950 1102 3011 67:
1140 2949 1283 3007 Quod
1309 2947 1572 3009 unaquaevis
1597 2947 1792 2992 Societas
1815 2948 1859 2991 in
1881 2943 2020 2991 Coelis
2044 2939 2256 2997 firmliter,

286 3025 343 3055 a:
372 3008 429 3056 68
456 3009 509 3053 ad
539 3023 595 3069 72
618 3026 627 3053 :
666 3011 808 3065 Quod
836 3013 938 3057 inde
962 3014 1258 3075 unusquisque
1284 3013 1490 3074 Angelus
1514 3011 1565 3057 fit
1590 3012 1633 3056 in
1655 3010 1848 3072 perfecia
1871 3009 2014 3055 forma
2047 3005 2255 3062 humana,

287 3090 346 3120 n:
378 3089 432 3136 73
459 3073 512 3125 ad
543 3088 616 3134 77.
687 3073 751 3118 Et
787 3077 912 3134 quod
948 3077 1034 3122 hoc
1073 3079 1124 3124 {it
1158 3094 1212 3123 ex
1234 3079 1408 3123 Divino
1433 3078 1655 3123 Humano
1678 3077 1883 3130 Domini,
1920 3089 1983 3117 n:
2014 3074 2071 3134 78
2099 3070 2254 3144 aci-86.

287 3142 362 3187 Ac
402 3150 610 3202 praeterea
647 3137 692 3183 in
727 3139 938 3187 Articulo
976 3141 1034 3187 de
1054 3142 1452 3202 Correspondenna
1493 3142 1701 3186 omnium
1742 3139 1864 3186 Coeli
1904 3153 2009 3185 cum
2045 3136 2259 3247 lomnib-us

807 3221 833 3267 3
2076 3216 2259 3258 ominis,
