2502 3432
251 188 331 234 η»
574 166 1289 233 DEULTIMO
1369 153 1906 262 Jumc1o

240 295 354 344 sicut
374 295 516 360 prius,
549 296 600 345 ὅτ
619 296 745 360 quod
778 295 1185 361 transmigraverint
1218 298 1363 348 solum
1405 298 1462 347 ab
1500 316 1593 348 uno
1631 302 1808 351 mundo
1848 303 1894 351 in
1934 302 2141 362 alterum,
2173 307 2225 357 &

244 362 369 424 quod
407 378 499 410 non
531 362 668 411 sciant
701 363 828 427 quod
859 364 1026 427 aliquid
1059 365 1350 429 perdiderint,
1386 368 1605 429 quoniam
1629 368 1675 414 in
1699 384 1884 432 corpore
1907 370 1956 417 &
1981 369 2111 435 hujus
2134 372 2230 420 sen-

246 426 438 476 sualibus
470 429 571 477 sunt
605 442 658 478 ut
689 431 830 493 prius,
865 430 915 477 ὅτ
948 444 1130 494 quoque
1166 432 1211 478 in
1252 431 1475 480 intellectu
1510 433 1560 480 ὅτ
1590 434 1636 480 in
1660 435 1893 484 voluntate
1922 448 1974 483 ut
2003 438 2143 500 priuS,
2176 439 2230 487 ὅτ

245 494 371 556 quod
408 494 569 543 similes
608 496 694 543 illis
732 496 1025 559 cogitationes
1061 498 1107 544 &
1144 496 1415 556 affefflones,
1452 499 1611 546 similes
1634 497 1908 558 sensationes,
1942 514 2044 550 tum
2068 503 2234 552 similes

243 560 516 624 voluptates,
539 561 589 609 δι’
612 561 770 610 similia
791 561 1019 619 desideria,
1053 562 1200 624 qualia
1217 565 1263 610 in
1282 565 1471 613 mundo.
1541 566 1748 629 Plerique
1768 583 1825 615 ex
1848 583 1997 615 recens
2022 570 2230 628 mortuiS,

243 639 353 674 cum
377 626 419 674 se
442 627 653 675 viderunt
675 628 826 675 vivere
851 627 1053 676 homines
1077 628 1189 676 ficut
1212 631 1353 693 prius,
1389 647 1439 678 ac
1461 632 1509 678 in
1535 631 1666 678 simili
1690 631 1822 690 statu,
1846 635 1971 692 (nam
1988 634 2090 698 post
2104 650 2228 684 mor-

243 702 338 739 tem
373 695 575 756 primum
604 695 749 741 cuivis
771 693 925 740 similis
946 693 1081 741 status
1103 695 1212 742 vitae
1242 695 1320 752 est,
1355 697 1498 759 qualis
1520 698 1561 743 ei
1584 695 1726 744 fuerat
1747 700 1794 745 in
1819 701 2011 758 munde,
2047 700 2117 748 sed
2152 699 2228 749 ille

242 755 477 806 succeffive
509 759 630 822 apud
663 775 770 806 eum
804 771 1004 806 mutatur
1033 760 1106 807 vel
1140 759 1185 806 in
1209 761 1397 808 Coelum
1434 760 1506 807 vel
1539 762 1586 806 in
1610 761 1865 820 Infernum)
1900 780 2038 812 novo.
2057 767 2228 827 gaudio

241 822 388 871 affecti
428 822 528 871 sunt
565 824 691 887 quod
727 825 901 881 vivant,
937 824 1233 887 &dixerunt
1265 826 1393 889 quod
1425 826 1511 873 hoc
1542 840 1632 872 non
1665 827 1963 885 crediderint;
2002 829 2074 877 sed
2098 831 2230 880 valde

239 890 409 947 mirati,
444 889 571 953 quod
610 890 655 937 in
695 889 773 938 tali
813 874 1063 954 ignorafi'tia
1095 891 1146 939 ὅτ
1179 893 1380 940 caecitate
1417 893 1472 940 de
1509 892 1621 939 statu
1656 893 1747 940 suae
1770 893 1879 940 vitae
1901 894 2001 958 post
2033 909 2228 945 mortem

241 955 434 1004 fuerint:
471 957 521 1005 &
546 957 690 1020 magis
722 958 852 1021 quod
891 958 938 1004 in
975 957 1053 1005 tali
1092 957 1146 1004 sit
1189 958 1330 1005 homo
1352 958 1581 1015 Ecclesiae,
1617 959 1697 1021 qui
1721 971 1870 1006 tamen
1894 976 1990 1024 prae
2014 962 2228 1011 omnibus

241 1023 290 1069 in
329 1022 536 1071 universo
574 1035 791 1071 terrarum
826 1023 952 1071 Orbe
982 1025 1028 1071 in
1065 1023 1163 1071 luce
1202 1025 1258 1071 de
1298 1024 1382 1071 illis
1420 1024 1566 1087 potest
1602 1025 1685 1072 esse
1723 1028 1838 1084 (e)..
1882 1026 2070 1075 Causam
2109 1028 2229 1081 illius

238 1090 454 1136 caecitatis
489 1089 541 1136 &
578 1090 845 1152 ignorantiae
881 1101 990 1136 tunc
1026 1091 1228 1153 primum
1254 1089 1481 1147 videbant,
1515 1105 1620 1153 quae
1642 1090 1706 1137 est
1727 1091 1854 1153 quod
1888 1104 2082 1150 externa,
2117 1110 2225 1157 quae

239 1154 343 1202 sunt
366 1155 594 1206 mundana
628 1157 678 1203 ὅτ
713 1170 942 1219 corporea,
977 1157 1297 1219 occupaverint
1337 1158 1386 1203 ὅτ
1428 1156 1716 1219 impleverint
1755 1167 1927 1204 mentes
1965 1173 2141 1216 eorum,
2178 1160 2224 1206 in

241 1231 418 1269 tantum
462 1233 515 1269 ut
554 1235 644 1271 non
681 1222 843 1269 elevari
879 1222 1051 1286 possent
1088 1223 1132 1269 in
1171 1222 1319 1269 lucem
1357 1223 1483 1279 coeli,
1518 1237 1567 1269 ac
1591 1222 1751 1268 intueri
1774 1237 1842 1269 res
1866 1221 2082 1270 Ecclefiae
2109 1224 2226 1271 ultra

236 1287 533 1344 dofflinalia3
568 1303 625 1335 ex
646 1287 871 1352 corporeis
893 1289 1017 1336 enim
1041 1289 1091 1336 ὅτ
1115 1287 1371 1344 mundanis,
1406 1303 1514 1334 curn
1547 1298 1726 1334 tantum
1759 1300 1966 1335 amantur
2000 1301 2224 1350 quantum

236 1353 389 1410 hodie,
425 1354 621 1402 influunt
661 1370 797 1402 merae
834 1354 1045 1409 tenebrae‚
1086 1369 1195 1400 cum
1235 1353 1377 1399 homo
1414 1353 1470 1400 de
1511 1352 1642 1400 rebus
1679 1353 1804 1400 Coeli
1843 1353 1959 1402 ultra
1997 1355 2223 1403 diCiamen

234 1419 456 1466 doetrinae
487 1419 594 1465 fidei
623 1435 731 1481 quae
762 1419 853 1465 suae
876 1419 1088 1466 Ecclcfiae
1111 1419 1191 1474 est,
1226 1418 1423 1480 cogitare
1445 1418 1560 1466 vult.

306 1485 379 1533 16.
426 1484 648 1531 Permulti
686 1499 743 1531 ex
781 1483 985 1530 Eruditis
1024 1500 1048 1530 e
1081 1482 1332 1531 Christiano
1367 1483 1493 1530 Orbe
1527 1482 1861 1548 obstupescunt,
1895 1500 2003 1532 cum
2038 1485 2085 1533 se
2122 1487 2224 1551 post

233 1549 415 1599 obitum
437 1551 595 1597 vident
630 1550 676 1597 in
713 1565 917 1613 corpore,
954 1551 999 1596 in
1024 1549 1235 1606 vestibus,
1271 1550 1406 1613 inque
1429 1549 1659 1606 domibus,
1695 1550 1808 1598 ficut
1847 1552 1893 1598 in
1929 1552 2136 1608 mundo;
2170 1555 2222 1601 δε

235 1632 344 1665 cum
385 1628 652 1664 revocantur
691 1616 738 1662 in
773 1617 1041 1662 memoriam
1075 1631 1181 1677 quae
1220 1618 1532 1676 cogitaverunt
1570 1617 1627 1662 de
1652 1616 1744 1662 vita
1779 1616 1882 1678 post
1916 1631 2130 1674 mortem,
2162 1619 2222 1666 de

233 1684 402 1739 anima,
436 1682 493 1729 de
523 1681 762 1744 spiritibus,
797 1697 846 1727 ac
879 1681 936 1726 de
969 1680 1091 1727 coelo
1119 1681 1168 1727 ὅτ
1197 1679 1389 1736 inferno,
1426 1681 1599 1743 pudore
1620 1681 1890 1737 afficiuntur,
1925 1684 1975 1729 δε
1998 1683 2157 1730 dicunt
2179 1684 2221 1730 se

233 1747 354 1796 fatue
388 1747 664 1810 cogitavisse,
701 1761 751 1793 ac
772 1745 993 1808 simplices
1018 1745 1107 1792 fide
1131 1745 1279 1792 multo
1310 1744 1541 1808 sapientius
1574 1761 1714 1808 quarn
1746 1745 1840 1793 illi:
1877 1747 2096 1810 explorati
2120 1747 2221 1796 sunt

231 1814 432 1869 Eruditi,
467 1814 547 1876 qui
569 1812 951 1860 confirmaverunt
984 1811 1024 1858 se
1059 1812 1104 1857 in
1137 1811 1313 1867 talibus,
1349 1812 1398 1858 ὅτ
1421 1811 1502 1874 qui
1535 1812 1687 1859 omnia
1722 1823 1894 1860 naturae
1930 1813 2217 1872 addixerunt,

230 1880 282 1927 ὅτ
322 1892 611 1942 compertum
639 1877 734 1934 est,
783 1877 909 1939 quod
957 1878 1161 1924 interiora
1202 1879 1364 1923 mentis
1399 1891 1558 1923 eorum
1595 1876 1738 1923 clausa
1775 1878 1876 1934 sint,
1921 1880 1968 1926 δε
2005 1882 2219 1928 exteriora

230 1958 395 2009 aperta,
432 1945 491 1991 fic
513 1946 564 1991 ut'
587 1960 677 1990 non
707 1943 998 2007 spediaverint
1030 1943 1086 1989 ad
1111 1943 1300 1989 Coelum
1325 1941 1395 1989 sed
1420 1942 1474 1988 ad
1497 1942 1754 1998 Mundum,
1791 1942 1981 2004 proinde
2003 1947 2136 1992 etiam
2159 1947 2217 1993 ad

229 2009 497 2066 Infernum3
534 2026 639 2057 narn
680 2021 901 2069 quantum
939 2009 1146 2055 interiora
1180 2009 1344 2054 mentis
1366 2019 1514 2069 aperta
1536 2007 1652 2063 sunt,
1690 2019 1866 2055 tantum
1890 2007 2052 2071 speftat
2076 2012 2218 2058 homo

228 2078 286 2125 ad
311 2078 514 2132 Coelum,
551 2088 771 2140 quantum
809 2088 960 2121 autem
995 2075 1200 2120 interiora
1233 2073 1374 2120 clausa
1403 2074 1501 2119 sunt
1525 2073 1574 2120 δε
1596 2073 1812 2119 exteriora
1835 2086 1998 2136 aperta,
2035 2088 2214 2123 tantum

230 2143 395 2206 spectat
416 2143 471 2190 ad
497 2141 728 2189 Infernum
751 2164 767 2197 ·,
802 2141 1008 2187 interiora
1043 2141 1164 2186 enim
1198 2140 1395 2185 hominis
1426 2140 1482 2184 ad
1518 2139 1820 2200 receptionem
1852 2140 2063 2186 omnium
2090 2141 2215 2189 Coeli

231 2208 424 2258 formata
456 2207 573 2266 sunt,
610 2210 658 2256 ὅτ
688 2207 903 2255 exteriora
938 2206 994 2253 ad
1029 2207 1328 2269 receptionem
1364 2205 1574 2251 omnium
1597 2203 1784 2260 Mundi,
1819 2203 1868 2252 &
1892 2204 1972 2267 qui
1994 2206 2214 2269 recipiunt

229 2276 458 2323 mundum
481 2277 527 2322 δι
557 2291 646 2322 non
671 2273 801 2320 simul
825 2272 1016 2329 coelum,
1053 2273 1275 2335 recipiunt
1295 2269 1518 2317 infernum
1546 2269 1632 2333 (f).

299 2358 372 2406 17·
411 2341 551 2398 Quod
587 2341 763 2403 spiritus
797 2339 991 2385 hominis
1025 2338 1126 2400 post
1155 2337 1420 2384 solutionem
1445 2353 1469 2382 a
1490 2351 1677 2399 corpore
1699 2335 1752 2382 sit
1774 2335 1915 2384 homo
1937 2336 1986 2384 &
2009 2337 2055 2385 in
2079 2337 2212 2386 simili

228 2407 390 2464 forma,
427 2406 513 2452 hoc
554 2406 666 2452 mihi
706 2420 785 2467 per
819 2403 1128 2466 quotidianam
1165 2403 1366 2466 plurium
1400 2416 1622 2448 annorum
1643 2402 1960 2465 experientiam
1986 2405 2030 2449 in
2054 2403 2214 2452 testato

225 2474 304 2530 est,
342 2488 446 2520 nam
471 2471 570 2518 illos
593 2470 754 2518 millies
778 2471 891 2525 vidi,
926 2469 1097 2526 audivi,
1133 2470 1179 2516 &
1214 2485 1320 2518 cum
1357 2467 1442 2514 illis
1480 2467 1695 2529 loquutus
1736 2467 1867 2524 sum;
1902 2469 2036 2516 etiam
2060 2469 2118 2516 de
2138 2485 2211 2526 eo,

224 2539 350 2603 quod
389 2538 594 2586 homines
628 2538 673 2584 in
710 2536 885 2583 mundo
918 2551 1008 2582 non
1040 2536 1145 2583 tales
1178 2534 1460 2589 effecredanr,
1493 2533 1542 2579 ὅτ
1564 2533 1691 2595 quod
1713 2533 1778 2578 illi
1801 2534 1882 2595 qui
1905 2534 2110 2591 credunt,
2150 2536 2208 2582 ab

223 2605 429 2653 Eruditis
463 2616 725 2667 reputentur
754 2614 806 2650 ut
838 2602 1089 2665 simplices:
1126 2601 1317 2663 Spiritus
1347 2599 1588 2645 doluerunt
1621 2598 1774 2654 corde,
1808 2598 1934 2661 quod
1957 2600 2055 2647 talis
2078 2603 2209 2664 igno-

227 2672 364 2718 rantia
393 2671 537 2717 adhuc
573 2669 733 2734 perstet
772 2670 817 2714 in
847 2667 989 2724 Orbe,
1026 2669 1074 2715 &
1115 2667 1309 2713 maxime
1347 2667 1461 2712 intra
1494 2664 1769 2712 Ecclesiam:
1807 2663 1879 2711 sed
1919 2665 2031 2714 hanc
2069 2667 2207 2714 fidem

226 2735 431 2783 dicebant
462 2737 726 2784 emanaviffe
763 2735 990 2798 imprimis
1024 2733 1080 2780 ab
1105 2733 1324 2788 Eruditis‚
1359 2733 1438 2794 qui
1473 2746 1530 2776 ex
1566 2729 1746 2777 sensuali
1785 2746 2002 2793 corporeo
2037 2733 2207 2794 cogita·

227 2814 389 2848 verunt
412 2802 468 2848 dc
492 2804 680 2858 Anima,
717 2817 772 2847 ex
794 2817 888 2863 quo
912 2799 968 2846 de
1001 2799 1076 2845 illa
1105 2815 1196 2846 non
1228 2798 1358 2845 aliam
1394 2797 1539 2843 ideam
1574 2807 1806 2860 ceperunt,
1840 2813 1977 2860 quam
2007 2797 2117 2843 sicut
2150 2797 2209 2844 de

226 2867 514 2928 Cogitatione
547 2868 649 2924 sola,
686 2883 791 2930 quae
814 2882 920 2913 cum
944 2865 1105 2928 absque
1127 2865 1279 2927 aliquo
1299 2861 1495 2926 subjecto
1519 2863 1563 2909 in
1588 2879 1682 2926 quo
1705 2864 1752 2910 &
1777 2879 1833 2909 ex
1854 2878 1949 2926 quo
1971 2861 2206 2923 spectatur,

224 2933 286 2978 est
319 2932 431 2977 sicut
463 2934 693 2992 quoddam
727 2932 903 2979 volatile
939 2934 1039 2994 puri
1071 2932 1266 2987 aetheris,
1300 2930 1425 2993 quod
1459 2930 1676 2976 moriente
1707 2944 1894 2991 corpore
1930 2942 2020 2973 non
2061 2927 2206 2989 potest

223 3013 315 3044 non
340 2998 560 3059 diffipari:
599 2997 668 3043 sed
693 3000 798 3058 quia
821 2997 1019 3044 Ecclesia
1039 3014 1095 3045 ex
1116 2997 1272 3044 Verbo
1293 2996 1481 3043 Animae
1504 2995 1887 3042 immortalitatem
1917 2992 2075 3048 credit,
2111 3008 2204 3040 non

221 3073 466 3127 potuerunt
502 3062 627 3108 aliter
652 3077 788 3122 quam
821 3062 1003 3123 aliquod
1027 3063 1179 3117 vitale,
1215 3062 1344 3123 quale
1378 3061 1440 3108 est
1474 3060 1776 3122 cogitationis,
1811 3059 1852 3105 ei
1872 3056 2093 3114 addicere,
2129 3059 2234 3106 sed'

217 3128 356 3193 usque
380 3143 471 3177 non
495 3126 754 3175 senfitivum
775 3125 904 3189 quale
927 3126 1120 3185 homini,
1143 3126 1402 3189 priusquam
1427 3127 1590 3173 iterum
1614 3123 1850 3187 conjunCta
1871 3122 1974 3171 esset
1996 3126 2200 3236 corpori:

2097 3205 2206 3253 uper
