2502 3432
273 190 354 235 η
530 169 639 231 DE
691 130 1286 237 TELLuRmu's
1343 178 1420 238 m
1462 172 1986 258 *UNIVERSQ

225 328 230 330 -
267 296 414 344 nostra
441 295 623 344 Tellure
658 295 788 344 sunt:
832 312 934 345 nam
960 297 1004 345 in
1029 298 1160 345 altera
1180 299 1276 347 vita
1297 296 1592 362 repraesentari
1615 298 1794 362 poffunt
1826 301 1929 348 talia
1963 299 2021 348 ad
2043 298 2201 350 vivum
2222 304 2243 351 ἓ

268 377 376 408 cum
401 361 606 418 volucres
628 361 723 409 illas
745 362 1072 425 repraesentatas
1095 364 1315 421 viderent,
1354 366 1555 427 primum
1580 365 1790 413 volebant
1824 367 1920 414 illas
1944 378 2130 424 mutare,
2165 367 2243 416 sed

268 427 373 473 dein
407 427 739 476 deleelabantur
771 429 871 484 illis,
909 430 957 476 ὅτ.
978 429 1290 492 quiescebant;
1338 428 1463 477 causa
1495 441 1602 487 erat,
1636 433 1741 494 quia
1766 433 1966 479 volucres
1990 432 2241 496 fignificant

267 493 548 556 cognitiones
575 507 758 550 rerum,
793 492 921 557 cujus
958 497 1019 542 rei
1054 497 1282 558 perceptio
1317 511 1499 559 quoque
1538 508 1646 543 tunc
1679 495 1889 545 influebat
1909 500 2019 558 (o);
2060 499 2122 545 ita
2159 499 2239 545 de-

266 558 469 620 sistebant
509 561 565 607 ab
609 560 695 607 illis
741 561 1099 617 transmutandis,
1145 562 1195 608 ὅτ
1236 561 1295 608 fic
1340 562 1396 608 ab
1434 561 1541 607 ideis
1577 564 1811 610 memoriae
1851 563 1940 611 suae
1973 564 2239 611 avertendis,

266 622 423 682 Postea
447 625 754 688 repraesentare
778 627 935 673 licebat
955 641 1105 673 coram
1137 626 1222 673 illis
1252 627 1598 673 arnaeniffimum
1623 628 1830 675 Hortum
1856 629 2044 692 plenum
2069 629 2239 692 lampa-

264 688 397 737 dibus
420 691 470 737 &
494 692 714 746 lucernis,
753 704 862 738 tunc
887 692 1176 738 morabantur
1197 692 1247 738 &
1271 691 1597 744 detinebantur,
1637 708 1693 738 ex
1716 693 1840 741 causa
1874 695 1978 757 quia
2011 694 2241 757 lampades

262 753 371 817 'cum
395 756 584 803 lucernis
607 757 859 819 significant
884 758 1090 803 veritates
1121 771 1228 819 quae
1252 756 1405 803 lucent
1418 752 1483 802 'ex
1507 756 1628 803 bono
1646 758 1745 818 (p).
1792 759 1901 806 Inde
1923 760 2087 822 patuit,
2111 760 2241 823 quod

263 822 399 871 teneri
425 823 654 883 potuerint
677 823 722 868 in
745 821 989 884 spenstandis
1014 821 1327 878 materialibus,
1367 821 1508 868 modo
1544 820 1673 867 simul
1703 822 1945 872 insinuatur
1977 824 2242 887 significatio

261 881 446 945 illorum
483 890 529 934 in
554 886 677 934 sensu
702 887 948 950 spirituali3
985 903 1091 951 quae
1114 889 1234 934 enim
1270 886 1412 934 sensus
1452 886 1684 950 spiritualis
1721 887 1838 946 sunt,
1884 906 1910 937 a
1943 890 2240 938 materialibus

262 954 354 1000 non
379 954 441 1000 ita
464 952 673 1000 abstracta
697 953 813 1009 sunt,
845 954 1060 1017 quoniam
1098 953 1198 1000 sunt
1220 953 1384 999 horum
1409 951 1778 1016 repraesentativa.

330 1036 406 1082 34.
444 1020 665 1068 Praeterea
697 1019 911 1083 loquutus
946 1018 1043 1066 sum
1079 1035 1187 1065 curn
1222 1019 1309 1066 illis
1342 1019 1397 1065 de
1421 1017 1600 1066 Ovibus
1624 1019 1673 1065 &
1693 1020 1859 1081 Agnis,
1899 1018 1973 1067 sed
2014 1020 2115 1068 talia
2147 1036 2242 1068 non

259 1085 472 1132 volebant
510 1086 678 1142 audire,
713 1087 820 1148 quia
852 1102 900 1132 ea
937 1085 1020 1132 illis
1060 1098 1269 1148 percepta
1306 1083 1406 1133 sunt
1444 1096 1493 1131 ut
1528 1084 1770 1132 terrestria:
1824 1084 1951 1131 causa
1982 1098 2089 1142 erat,
2134 1088 2244 1149 quia
2307 1139 2311 1142 ,

258 1166 350 1197 non
375 1152 679 1214 intelligebant
701 1151 814 1214 quid
838 1152 1110 1207 innocentia,
1137 1166 1273 1213 quam
1301 1150 1427 1212 Agni
1450 1149 1732 1211 fignificant;
1765 1151 1890 1212 quod
1914 1163 2242 1214 apperceptum

260 1217 324 1262 est
347 1233 403 1263 ex
424 1233 496 1274 eo,
535 1233 642 1264 cum
667 1218 863 1264 dicerem
900 1217 1027 1280 quod
1043 1218 1171 1279 Agni
1195 1218 1240 1263 in
1268 1217 1402 1262 Coelo
1425 1214 1719 1277 repraesentati
1734 1215 1993 1278 ¹significent:
2018 1217 2240 1264 Innocen-

259 1283 367 1329 tiam
387 1284 483 1347 (q),
524 1295 632 1330 tunc
657 1282 882 1338 dicebant,
919 1283 960 1328 se
990 1297 1079 1328 non
1105 1281 1209 1328 scire
1232 1281 1345 1343 quid
1370 1281 1647 1335 Innocentia,
1684 1279 1755 1325 sed
1779 1281 1920 1326 modo
1954 1280 2060 1327 scire
2081 1282 2241 1344 quoad·

256 1363 454 1403 vocem3
510 1347 636 1395 causa
669 1347 750 1403 est,
788 1349 893 1409 quia
926 1344 1455 1407 modo-cognitionibus,
1490 1359 1581 1390 non
1617 1355 1768 1391 autem
1809 1344 1975 1402 ufibus,
2019 1347 2099 1408 qui
2133 1345 2239 1393 sunt-

253 1415 573 1475 cognitionum
598 1413 724 1469 fines,
763 1413 1037 1468 afficiuntur,
1077 1412 1138 1458 ita
1171 1426 1251 1458 nec
1286 1409 1393 1457 scire
1425 1409 1603 1472 poffunt
1636 1425 1692 1455 ex
1727 1411 2010 1473 perceptione
2048 1413 2239 1470 interna,

254 1479 364 1541 quid
390 1480 661 1527 Innocentia.

323 1563 399 1608 35.
438 1545 600 1608 Aliqui
622 1561 682 1592 ex
704 1543 928 1608 spiritibus
951 1542 1150 1591 Telluris
1175 1541 1396 1589 Mercurii
1431 1542 1485 1588 ad
1525 1557 1597 1588 me
1620 1540 1855 1588 veniebant
1892 1542 2007 1590 miffi
2036 1543 2091 1590 ab
2121 1543 2234 1600 aliis,

253 1622 306 1665 ut
343 1611 545 1656 audirent
567 1609 680 1673 quid
713 1610 833 1672 apud
870 1619 942 1654 me
974 1620 1195 1670 ageretur,
1236 1607 1401 1668 quibus
1440 1622 1557 1652 unus
1593 1621 1649 1651 ex
1683 1606 1906 1667 spiritibus
1937 1608 2097 1654 nostrae
2123 1610 2238 1655 Tel-

254 1676 362 1722 luris
409 1675 600 1730 dicebat,
652 1675 778 1737 quod
819 1674 983 1719 diceret
1030 1672 1132 1727 suis,
1174 1683 1226 1717 ut
1267 1687 1357 1717 non
1395 1670 1515 1716 aliud
1553 1686 1690 1732 quam
1730 1686 1888 1716 verum
1925 1671 2237 1734 loquerentur,
2288 1705 2292 1707 Δ

253 1743 302 1788 &
340 1757 450 1797 non,
484 1753 536 1787 ut
575 1740 735 1794 solent,
776 1737 1154 1800 interrogantibus
1194 1736 1398 1799 oppofita
1431 1735 1703 1798 objicerent,
1763 1751 1870 1782 nam
1911 1736 1942 1783 fi
1980 1738 2136 1801 aliquis
2174 1755 2233 1786 ex

246 1806 418 1854 >nostrae
441 1806 609 1853 telluris
633 1804 856 1868 spiritibus
885 1805 946 1850 ita
969 1802 1144 1857 faceret,
1180 1802 1473 1864 plecteretur3
1516 1802 1584 1847 sed
1612 1814 1720 1848 tunc
1744 1800 2032 1863 respondebat
2054 1804 2238 1861 cohors,-

250 1889 358 1936 quae
380 1884 551 1920 remota
573 1884 682 1927 erat,
722 1886 747 1917 e
769 1885 858 1932 qua
889 1868 1065 1932 spiritus
1099 1868 1163 1914 illi
1196 1867 1335 1913 emiffi
1376 1880 1514 1923 erant,
1549 1867 1692 1929 quod,
1727 1866 1762 1912 fi.
1795 1867 1899 1915 ideo
1921 1869 2230 1930 plecterentur,

251 1955 410 1986 omnes
434 1938 745 2002 plecterentur,
785 1937 1000 1999 quoniam
1037 1934 1163 1981 aliter
1196 1931 1336 1980 facere
1374 1946 1603 1996 nequeunt
1635 1948 1691 1979 ex
1715 1933 1932 1980 continuo
1955 1933 2061 1982 usu:
2111 1936 2231 1983 dice-

254 2004 378 2061 bant,
418 2004 544 2067 quod
567 2019 676 2051 cum
700 2003 949 2065 loquuntur
973 2016 1081 2047 cum
1105 1999 1363 2046 hominibus
1388 1998 1476 2044 suae
1501 1999 1715 2053 TelluriS,
1750 1999 1808 2043 ita
1831 2014 2014 2061 quoque
2037 1998 2197 2048 faciant
2213 2024 2229 2057 ·,

253 2082 299 2116 at
322 2070 408 2118 hoc
444 2085 541 2118 non·
570 2071 724 2117 animo
758 2067 959 2124 fallendi,
998 2065 1069 2116 sed
1107 2078 1156 2112 ut
1189 2064 1400 2127 inspirent
1423 2063 1699 2110 desiderium,
1726 2061 1919 2119 sciendi·,
1959 2080 2067 2111 curn
2107 2069 2237 2113 enim>

251 2136 455 2200 oppofita
477 2134 712 2199 objiciunt,
750 2134 797 2181 &
823 2133 1052 2180 occultant
1073 2147 1142 2178 res
1177 2143 1299 2178 certo
1325 2130 1482 2186 modo,
1524 2140 1631 2176 tunc
1665 2129 1834 2191 cupido
1868 2130 2030 2176 sciendi
2069 2133 2232 2179 excita·-

251 2214 343 2258 tur,
378 2204 429 2251 ὅτ
455 2202 513 2249 sic
535 2218 591 2248 ex
615 2201 764 2248 studio
786 2197 1047 2263 explorandi
1081 2198 1175 2254 illa,
1218 2197 1435 2243 memoria
1453 2195 1706 2258 perficitur.
1776 2195 1847 2241 De
1870 2195 2023 2242 eadem
2051 2212 2094 2243 re
2118 2213 2226 2245 cum

251 2268 337 2315 illis
359 2269 442 2316 alia
464 2269 563 2314 vice
586 2282 768 2330 quoque
789 2265 1030 2328 loquebar;
1074 2264 1124 2310 &
1147 2264 1252 2326 quia
1287 2261 1492 2316 sciebam,
1534 2260 1661 2324 quod
1697 2260 1983 2322 loquerentur.
2014 2278 2120 2309 cum
2146 2263 2228 2310 ho·

252 2332 449 2381 minibus
473 2332 562 2379 suae
586 2333 770 2386 telluris,
808 2331 1070 2393 quaerebam
1106 2327 1344 2391 quomodo
1381 2326 1545 2373 incolas
1579 2326 1679 2372 suos
1719 2325 1975 2383 instruunt·,
2023 2328 2230 2384 dicebant

251 2399 376 2462 quod
401 2414 492 2446 non
517 2397 731 2444 instruant
755 2395 856 2442 illos
877 2395 1117 2457 quomodo
1156 2392 1197 2439 se
1229 2408 1296 2439 res
1327 2392 1473 2447 habet,
1510 2391 1581 2437 sed
1614 2390 1750 2452 usque
1784 2391 2001 2438 insinuent
2034 2393 2236 2455 aliquam-

252 2467 314 2511 rei
338 2458 747 2528 apperceptioneni,
788 2474 839 2509 ut
863 2461 967 2507 inde
1001 2459 1172 2523 cupido
1194 2457 1456 2521 explorandi
1494 2459 1542 2503 &
1567 2456 1729 2502 sciendi
1769 2456 1911 2503 alatur
1945 2458 1993 2504 δε
2033 2458 2226 2515 crescat3

252 2547 357 2578 narn
398 2530 431 2577 fi
454 2529 766 2594 responderent
788 2527 843 2575 ad
867 2528 1036 2583 omnia,
1073 2527 1233 2589 periret
1255 2524 1450 2587 cupido:
1493 2522 1715 2569 addebant
1749 2523 1873 2584 quod
1910 2524 2114 2586 opposita
2146 2526 2227 2572 ob—

245 2595 404 2660 jiciant
439 2597 571 2644 etiam
606 2596 667 2643 ob
689 2593 881 2650 causam,
915 2605 967 2640 ut
990 2594 1147 2639 veritas
1171 2591 1274 2638 dein
1301 2590 1459 2638 melius
1487 2599 1729 2653 appareat,
1772 2604 1875 2636 nam
1900 2591 2049 2637 omnis
2073 2594 2228 2640 veritas

252 2674 432 2726 apparet
454 2679 512 2710 ex
534 2662 743 2710 relatione
768 2660 831 2708 ⁴ad
856 2658 1073 2723 opposita.
2062 2722 2090 2768 5
2138 2722 2229 2768 Pro

2029 2740 2054 2785 3
2092 2757 2103 2769 ι

314 2859 381 2912 (ο)
413 2857 535 2910 Qod
563 2873 654 2900 aves
682 2855 906 2912 significent
921 2850 1146 2899 rationalia,
1181 2847 1480 2895 intellee'cualia‚
1506 2845 1783 2899 cogitationeS,
1812 2845 1932 2893 ideas,
1963 2845 2225 2897 cognitiones,

255 2928 396 2966 12:40.
430 2927 526 2968 745.
559 2917 655 2971 776.
691 2915 787 2971 778.
816 2913 914 2955 866.
948 2911 1048 2968 988.
1077 2922 1176 2964 993.
1209 2921 1336 2964 5149.
1377 2911 1507 2962 7441.'
1559 2903 1613 2944 Et
1640 2902 1716 2941 hoc
1746 2914 1840 2941 cum
1873 2902 2058 2941 varietate
2084 2899 2223 2939 secun-

286 2986 350 3011 um
380 2972 514 3010 avium
533 2985 678 3024 genera
696 2973 734 3012 &
752 2972 908 3024 species.
940 2984 966 3011 n
986 2984 996 3009 ε
1020 2981 1146 3024 3219.
1411 3021 1417 3026 ι

313 3027 383 3138 §gg
412 3024 537 3079 Qod
557 3027 751 3080 lampades
777 3041 874 3068 cum
895 3027 1066 3068 lucernis
1085 3023 1311 3078 significent
1337 3027 1520 3061 veritates
1537 3031 1626 3071 quae
1640 3016 1777 3057 lucent
1798 3027 1846 3054 ex
1869 3013 1991 3070 bone,
2023 3024 2049 3051 n
2068 3023 2077 3051 t
2094 3011 2222 3067 4638,

286 3099 309 3140 5

255 2971 279 3012 d

254 3101 283 3145 9
314 3144 380 3199 (q)
448 3083 666 3194 fisi-Qui
695 3136 738 3180 in
768 3135 889 3181 Coelo
930 3138 969 3180 &
1005 3138 1047 3179 in
1079 3135 1216 3180 Verbo
1256 3131 1479 3190 significent
1512 3127 1809 3178 Innocentiam,
1845 3137 1871 3166 n
1892 3137 1900 3162 t
1925 3136 2051 3181 3994.
2095 3126 2220 3183 7840.

254 3212 406 3258 10132·
