2502 3432
688 192 1078 257 sEN‘SU
1152 194 1932 263 SPIRITUALI.
2215 214 2296 279 23

410 350 508 412 17.
555 311 776 391 Plura
798 320 891 387 'de
919 319 1151 387 Vbrbo.
1249 328 1407 395 Quod
1443 329 1700 383 VERBUM
1746 333 1799 385 in
1842 332 2042 404 Lingua
2083 330 2300 385 Hebraea

306 417 436 471 varia
459 413 713 486 fignificet,
751 429 934 484 nempe
962 412 1275 477 Sermonem,
1316 413 1686 483 Cogitationem
1713 418 1909 478 mentis,
1948 434 2159 469 omnem
2188 433 2298 469 rem

306 509 417 563 quae
453 489 642 541 realiter
683 485 862 549 existit,
901 496 1014 538 tum
1039 486 1246 557 aliquid,
1284 506 1319 540 n
1341 507 1354 538 :
1379 488 1540 558 9987.
1618 488 1774 556 Qod
1802 490 2029 541 Verbum
2057 490 2300 561 fignificet

305 563 552 619 Divinum
575 561 770 613 Verum
808 562 860 613 δε
885 561 1193 624 Dominum,
1233 579 1298 614 n:
1331 577 1359 613 2
1369 578 1434 631 53
1445 578 1494 630 3.
1520 560 1686 630 4692.
1716 578 1879 632 5075.
1909 563 2072 632 9987.
2138 566 2295 627 Quod

305 637 470 690 Verba
494 634 771 706 significent
794 652 924 698 vera,
962 652 996 686 n
1024 654 1038 686 ε
1066 634 1230 705 4692.
1262 653 1428 707 5075.
1506 635 1662 701 Quod
1687 635 1963 706 significent
1988 637 2293 700 doctrinalia,

304 730 380 764 n:
416 708 569 764 1288.
648 709 805 774 Quod
851 709 1050 762 Decem
1094 710 1243 763 verba
1285 709 1562 782 fignificent
1605 711 1776 763 omnia
1816 711 2002 763 Divina
2025 711 2175 774 Vera,
2224 731 2294 764 n:

308 784 506 840 10688.
642 824 646 827 .

370 858 527 929 Qod
565 858 695 910 binae
735 856 1063 930 expreffiones
1099 858 1250 911 unius
1292 859 1361 911 rei
1411 858 1464 910 in
1491 857 1662 911 Verbo
1701 859 1950 931 imprimis
1991 857 2294 930 Prophetico

300 934 410 997 fint,
447 935 500 986 &
525 933 663 1005 quod
689 951 789 985 una
827 933 872 984 se
905 933 1082 985 referat
1120 933 1182 986 ad
1221 933 1432 995 bonum,
1475 933 1528 985 δε
1561 933 1710 985 altera
1747 933 1809 986 ad
1836 951 2028 994 verum,
2072 951 2188 1004 quae
2224 933 2293 987 fic

296 1010 682 1079 conjunguntur,
720 1026 791 1059 n:
820 1006 946 1079 683.
975 1022 1104 1079 707.
1135 1024 1166 1079 5
1174 1008 1297 1079 516.
1325 1007 1487 1079 8339.
1566 1009 1817 1077 Qaenam
1843 1007 2085 1078 expresfio
2110 1008 2172 1060 ad
2199 1009 2296 1061 bo-

297 1101 423 1134 num
464 1085 513 1134 se
550 1083 695 1134 resert
734 1083 787 1133 δε
813 1099 1044 1152 quaenam
1079 1082 1140 1134 ad
1177 1088 1373 1146 verum,
1430 1083 1568 1153 quod
1609 1101 1712 1134 non
1756 1082 1866 1134 sciri
1905 1094 2054 1153 queat
2095 1082 2185 1134 nifi
2225 1100 2290 1137 ex

279 1156 447 1208 -Sensu
485 1156 679 1208 interno
703 1155 876 1218 Verbi,
917 1157 1156 1228 quoniam
1183 1175 1327 1209 voces
1353 1156 1562 1228 propriae
1587 1158 1698 1208 sunt
1722 1156 1905 1229 quibus
1940 1157 2292 1228 exprimuntur

297 1229 380 1280 illa
404 1247 514 1299 quae
538 1230 659 1281 boni
684 1229 811 1291 sunt,
849 1231 901 1282 δε
928 1232 1136 1302 propriae
1166 1231 1347 1302 quibus
1372 1231 1456 1282 illa
1481 1249 1593 1302 quae
1620 1232 1738 1294 veri,
1778 1250 1811 1283 n
1830 1251 1841 1282 :
1861 1248 1987 1304 793.
2019 1229 2144 1284 801.
2220 1231 2290 1283 Et

296 1300 397 1353 hoc
421 1303 590 1373 usque,
631 1314 686 1354 ut
711 1303 935 1354 noscatur
967 1304 1131 1356 solum
1168 1323 1231 1356 ex
1267 1305 1614 1375 praedicatione
1639 1324 1843 1367 vocum,
1882 1323 2010 1356 num
2050 1305 2112 1357 de
2154 1306 2289 1358 bono

294 1377 350 1430 &
374 1394 501 1428 num
525 1375 588 1427 de
612 1393 729 1427 vero
754 1375 934 1445 agitur,
973 1395 1043 1427 n:
1070 1394 1233 1446 2722.
1312 1378 1469 1440 Quod
1513 1379 1666 1430 etiam
1711 1378 2015 1448 quandoque
2056 1396 2157 1430 una
2195 1396 2288 1430 ex-

293 1448 472 1520 preffio
517 1449 735 1501 involvat
774 1467 1065 1512 commune,
1103 1452 1156 1502 δι
1182 1451 1330 1502 altera
1370 1451 1756 1503 determinatum
1796 1451 1920 1522 quid
1947 1469 1975 1502 a
2002 1454 2287 1515 communi,

293 1541 326 1575 n
355 1543 369 1575 ε
397 1539 559 1576 2212.
635 1525 792 1587 Quod
835 1524 894 1575 fit
936 1523 1119 1594 species
1168 1524 1566 1595 reciprocationis
1610 1527 1661 1577 in
1703 1524 1892 1587 Verbo,
1950 1524 2014 1576 de
2070 1544 2170 1595 qua
2216 1545 2286 1578 n:

294 1611 458 1662 2240.
538 1596 695 1658 Quod
738 1596 974 1666 pleraque
1012 1597 1067 1647 in
1093 1597 1264 1648 Verbo
1303 1598 1455 1648 etiam
1492 1597 1687 1650 sensum
1725 1597 2013 1669 oppofitum
2052 1596 2285 1662 habeant,

289 1685 355 1720 n:
382 1666 548 1735 4816.
628 1668 786 1733 Quod
819 1669 995 1721 Sensus
1036 1670 1257 1722 internus
1295 1669 1668 1742 praedicabiliter
1702 1670 1933 1743 sequatur
1976 1670 2125 1725 suum
2168 1672 2286 1726 sub-

237 1790 243 1794 .
288 1742 491 1793 ectum.

260 1759 302 1867 'J
363 1815 536 1880 Quod,
575 1815 663 1887 qui
707 1816 934 1870 delectati
978 1817 1089 1871 sunt
1114 1818 1303 1882 Verbo,
1342 1818 1395 1872 in
1443 1818 1593 1872 altera
1630 1817 1730 1873 vita
1774 1818 2024 1892 accipiant
2065 1820 2284 1876 calorem

287 1887 420 1951 coeli,
460 1890 542 1941 cui
584 1890 708 1942 inest
749 1910 889 1947 amor
928 1893 1155 1958 coelestis,
1193 1893 1471 1949 secundum
1514 1893 1663 1968 quale
1689 1895 1743 1949 δε
1769 1907 2021 1968 quantum
2063 1894 2282 1950 delecta-

288 1963 435 2017 tionis
469 1981 534 2017 ex
571 1975 758 2031 amore,
796 1985 872 2020 n:
908 1983 1068 2041 1773.

931 2597 1575 2665 FINIS.
