2508 3432
549 158 650 202 rr
699 155 908 210 21th
955 130 1419 197 Decumi
1469 133 1853 195 conten
1882 147 1924 188 1.
1970 164 1979 167 »
2149 137 2234 203 ¹7

313 265 466 328 Quod
492 260 847 312 honum'influat
868 275 949 323 per
966 259 1087 306 viam
1128 258 1348 304 internam
1384 256 1455 303 seu
1492 258 1655 303 animae
1690 254 1809 318 apud
1834 252 2087 304 hominem,
2126 265 2232 295 vera

247 345 397 381 autem
423 347 501 395 per
523 332 644 385 viam
666 339 892 376 externam
917 323 995 370 seu
1020 323 1198 369 auditus
1219 323 1269 368 &
1295 322 1429 376 visus,
1466 323 1515 368 δε
1537 321 1661 383 quod
1688 318 2018 383 conjungantur
2043 317 2088 361 in
2113 317 2228 361 inte·

246 398 436 446 rioribus
465 395 565 460 ejus
588 411 614 442 a
644 388 866 447 Domino,
903 405 965 436 n:
993 405 1120 452 3030
1178 389 1322 450 3098.
1394 386 1534 446 Quod
1570 402 1675 431 vera
1714 386 1941 431 eleventur
1975 380 2225 428 &naturali

244 465 444 518 homine,
475 477 526 509 ac
548 457 869 522 implantentur
891 455 1012 502 bono
1037 455 1082 500 in
1106 452 1337 516 spirituali,
1374 452 1425 498 δι’
1448 451 1576 514 quod
1600 451 1658 496 fic
1683 466 1785 496 vera
1824 450 1931 495 fiant
1967 446 2222 511 spiritualia,

244 544 273 575 11
296 548 307 576 :
330 533 473 591 3085.
498 524 640 589 3086.
709 522 773 569 Et
794 521 921 584 quod
946 519 1097 583 postea
1129 518 1232 564 inde
1270 517 1457 563 influant
1492 517 1537 562 in
1576 515 1818 561 naturalem
1855 516 2105 567 hominem,
2142 513 2224 558 bo-

244 610 369 641 num,
388 590 610 656 spirituale
642 589 687 635 in
731 587 904 634 bonum
951 583 1161 632 naturalis
1205 573 1484 636 immediate,
1530 582 1578 628 in
1612 596 1772 626 verum
1823 592 1971 625 autem
2012 579 2224 625 naturalis

243 658 452 723 mediate,
486 671 709 719 11:3314.
739 653 880 718 3573.
922 650 1083 714 45631
1137 648 1406 696 illustratum
1442 663 1668 719 11:3314.
1713 645 1853 708 3616.
1895 644 2036 706 3576.
2080 646 2220 707 3960.

246 732 391 788 3995.
444 721 630 777 Verbo,
662 719 788 783 quod
822 732 927 765 vera
959 730 1135 764 tanturn
1176 717 1224 762 &
1261 714 1406 761 taliter
1440 725 1776 775 conjungantur
1823 710 1945 756 bono
1982 712 2100 770 apud
2141 711 2223 757 ho·

243 789 431 844 minem,
466 786 764 849 quantum&
789 784 981 848 qualiter
1003 784 1144 829 homo
1165 780 1229 827 est
1254 781 1300 827 in
1325 779 1448 826 bono
1480 779 1604 842 quod
1631 780 1790 831 vitam,
1831 792 1857 822 n
1881 790 1890 817 :
1911 779 2040 836 3834
2080 779 2220 837 3843.

243 854 389 917 Qod
413 851 672 917 conjunctio
696 851 821 897 aliter
844 849 922 896 fiat
954 849 1075 911 apud
1098 846 1320 902 coelestes,
1354 845 1479 891 aliter
1507 844 1627 907 apud
1663 842 1923 905 spirituales,
1965 858 2024 886 n:
2053 856 2220 898 10124.

240 920 379 967 Plura
406 920 462 969 de
486 916 800 979 conjunctione
823 915 931 962 boni
963 916 1015 962 ὅτ
1039 914 1150 968 veri,
1190 915 1236 960 δι
1262 911 1500 974 quomodo
1525 911 1594 965 fit,
1630 926 1691 956 n:
1714 924 1856 972 3090.
1898 922 2036 967 3203.
2081 913 2221 969 3303.

240 985 386 1049 4096.
413 1001 556 1047 4097.
582 1000 728 1046 4345.
752 999 896 1046 4353.
924 980 1066 1044 5365.
1094 979 1219 1044 7623
1256 979 1312 1025 ad
1340 978 1482 1041 7627.
1550 977 1615 1023 Et
1636 973 1874 1037 quomodo
1899 972 2070 1018 bonurn
2099 974 2220 1035 spiri·

240 1052 359 1097 tuale
378 1064 459 1114 per
480 1065 584 1096 vera
606 1049 841 1102 formatur,
873 1065 936 1094 n:
961 1061 1043 1106 34·
1058 1063 1105 1095 0.
1135 1061 1278 1109 3570.

285 1131 384 1175 124.
418 1117 490 1164 De
511 1115 598 1160 iltis
625 1116 697 1176 qui
718 1115 764 1160 in
786 1115 903 1160 veris
921 1113 1031 1174 fiant
1064 1128 1115 1158 ex
1135 1112 1272 1165 bono;
1311 1112 1379 1156 ita
1411 1109 1461 1157 de
1482 1110 1598 1155 veris
1620 1124 1669 1154 ex
1692 1107 1811 1153 bono.
1879 1105 2055 1151 Verum
2093 1103 2218 1165 quod

216 1182 365 1237 ‘ducit
384 1180 440 1226 ad
464 1179 655 1235 bonum,
681 1181 730 1226 &
753 1176 879 1242 quod
904 1178 1110 1242 procedit
1129 1193 1186 1224 ex
1211 1178 1349 1230 bono,
1381 1191 1489 1238 qnae
1511 1173 1776 1227 differentia,
1813 1188 1842 1217 n
1865 1185 1875 1213 z
1901 1168 1987 1219 106
1995 1187 2036 1233 3.
2074 1170 2219 1227 Quod

242 1260 398 1294 verum
434 1261 524 1292 non
563 1245 616 1292 fit
639 1260 798 1292 verum
834 1243 1111 1291 effentialiter
1147 1242 1227 1289 nisi
1251 1245 1474 1304 quantum
1514 1256 1539 1287 a
1575 1240 1698 1300 bono
1735 1237 1955 1301 procedit,
1996 1237 2218 1298 n:4736.

246 1320 431 1375 100193
453 1312 666 1374 quoniam
687 1326 848 1357 verum
872 1310 1003 1356 habet
1021 1308 1151 1355 suum
1173 1309 1270 1355 Effe
1293 1325 1318 1354 a
1336 1308 1474 1363 bo'no,
1498 1324 1528 1353 n
1548 1325 1558 1352 z
1577 1322 1720 1368 3049.
1744 1306 1885 1366 3180,
1906 1319 2052 1364 4574.
2077 1317 2220 1363 5002.

239 1395 397 1442 9144:
439 1379 487 1423 δι
514 1376 633 1423 suam
659 1378 818 1432 vitam,
854 1392 911 1423 n:
933 1391 1020 1439 311
1037 1391 1075 1422 1-
1104 1390 1244 1437 2434.
1275 1374 1402 1438 6077
1424 1391 1436 1420 ε
1484 1376 1533 1420 &
1556 1373 1662 1434 quia
1684 1386 1846 1416 verum
1868 1369 1932 1415 est
1968 1368 2113 1414 forma
2148 1366 2218 1413 seu

240 1443 369 1506 quale
392 1442 514 1496 boni,
550 1459 606 1488 n:
628 1459 773 1506 3049.
797 1458 943 1503 4574.
972 1443 1116 1503 6951.
1142 1458 1287 1503 9454.
1357 1439 1503 1495 Quod
1529 1453 1688 1484 verum
1716 1436 1767 1482 fit
1803 1434 1978 1497 prorsus
2003 1434 2116 1480 ficut
2140 1433 2219 1479 00·

242 1523 355 1553 num
383 1508 504 1568 apud
529 1507 778 1558 hominem,
802 1507 859 1550 -in
883 1506 1015 1550 simili
1052 1507 1220 1549 ratione
1255 1507 1303 1548 ὅτ
1341 1503 1473 1546 fimili
1490 1503 1658 1561 gradu,
1700 1518 1728 1547 n
1750 1519 1761 1547 :
1785 1516 1928 1562 2429.
1972 1499 2117 1555 Quod
2143 1514 2223 1543 ve-

245 1586 349 1618 rum
374 1583 426 1616 ut
447 1570 500 1616 fit
521 1585 698 1622 verum,
731 1568 1017 1615 trahet‘suam
1051 1567 1274 1612 effentiam
1298 1580 1325 1610 a
1347 1565 1468 1611 bono
1502 1565 1724 1611 charitatis
1760 1565 1807 1609 ὅτ.
1833 1565 2120 1618 innocendae,
2157 1579 2187 1608 n
2205 1577 2219 1605 ι

240 1648 379 1698 3111.
406 1634 549 1693 6013.
589 1633 708 1677 Vera
727 1626 842 1693 quae·
864 1635 922 1675 ex
944 1630 1066 1675 bono
1101 1629 1226 1691 quod
1250 1627 1337 1674 fint
1355 1643 1464 1674 vera
1479 1628 1735 1690 spiritualia,
1772 1643 1801 1673 11
1818 1644 1832 1673 2
1854 1645 1998 1690 5951.

252 1735 257 1738 ⁴
304 1697 449 1760 Qod
472 1711 632 1742 verum
667 1710 775 1743 cum
808 1692 929 1741 bono
966 1708 1111 1740 unum
1146 1691 1294 1749 faciat,
1330 1707 1438 1739 curn
1473 1693 1680 1755 procedit
1712 1708 1737 1738 a
1760 1692 1898 1747 bono,
1935 1692 2075 1754 usque
2108 1692 2222 1739 adeo

238 1775 291 1810 ut
312 1775 556 1825 utrumque
577 1761 710 1808 fimul
732 1760 785 1807 fit
807 1764 952 1807 unum
975 1759 1167 1822 bonurn,
1209 1775 1271 1806 n:
1291 1775 1436 1822 4332.
1465 1763 1607 1822 7835.
1640 1773 1811 1819 10252.
1844 1754 2015 1807 10266'.
2074 1759 2244 1816 Quod-

228 1829 485 1876 intellectus
518 1829 566 1875 &
591 1827 799 1874 voluntas
823 1841 960 1873 unam
987 1837 1187 1874 mentem
1218 1841 1271 1871 ac
1296 1840 1434 1876 unam
1460 1826 1602 1871 vitam
1628 1820 1806 1880 faciant,
1841 1839 1950 1870 cum
1975 1824 2221 1871 intellectus

237 1893 442 1958 procedit
462 1910 487 1941 a
510 1892 755 1948 voluntate,
790 1892 1004 1955 quoniam
1039 1890 1287 1938 intellectus
1314 1890 1379 1937 est
1401 1891 1616 1953 recipiens
1640 1893 1752 1946 veri,
1787 1905 1839 1937 ac
1862 1890 2070 1938 voluntas
2096 1890 2219 1946 boni,

238 1974 331 2006 non
352 1972 502 2007 autern
524 1960 796 2006 cumhomo
829 1958 954 2004 aliter
975 1957 1147 2020 cogitat
1176 1958 1225 2004 δι
1249 1957 1468 2020 loquitur,
1489 1972 1627 2020 quam
1653 1956 1770 2012 vult,
1806 1972 1863 2004 n:
1888 1957 2029 2019 3623.
2070 1956 2220 2020 Qod

211 2040 399 2071 ,verum
432 2039 488 2071 ex
524 2025 662 2080 bono,
698 2025 751 2071 fit
776 2039 932 2070 verum
964 2023 1197 2070 voluntate
1229 2024 1279 2070 ὅτ,
1315 2023 1434 2079 astu,
1471 2040 1500 2070 n
1521 2042 1531 2070 :
1551 2038 1696 2087 4337.
1723 2038 1869 2086 4353.
1895 2027 2042 2083 4385.
2068 2038 2214 2086 4390.

223 2090 363 2136 Cum
388 2105 546 2142 verum
571 2090 775 2153 procedit
800 2105 858 2136 ex
891 2090 1033 2146 bono,
1069 2089 1198 2153 quod
1224 2089 1397 2137 bonum
1435 2091 1483 2136 in
1520 2104 1628 2136 vero
1652 2087 1810 2135 habeat
1846 2089 2095 2151 imaginem
2134 2087 2217 2145 sui,

178 2209 180 2211 ,
204 2170 298 2217 2:¹¹²
320 2161 470 2216 3180-

182 2208 220 2235 ⁹*
304 2221 451 2285 Qod
474 2221 518 2267 in
538 2220 746 2269 universo
766 2221 890 2269 coelo
911 2223 961 2270 δε
983 2222 1176 2279 mundo,
1211 2237 1262 2270 ac
1284 2222 1332 2269 in
1354 2221 1539 2283 singulis
1572 2237 1731 2269 eorum
1756 2221 1809 2268 fit
1833 2220 1966 2268 instar
1994 2221 2214 2282 conjugii,

236 2291 534 2403 affl
699 2287 1333 2416 aggravatae&
1351 2303 1524 2400 ⁵:332
1557 2288 2129 2400 izfflffisszzfsssssffazssssx
2157 2287 2215 2398 ἐς

235 2429 396 2461 verum
420 2415 472 2461 81
493 2414 547 2460 ad
572 2415 763 2470 bonurn,
788 2427 839 2460 ut
859 2414 944 2460 fint
968 2417 1154 2477 aliquid,
1188 2419 1238 2463 δε
1272 2419 1327 2463 ad
1352 2416 1715 2477 conjunctionem
1751 2434 1929 2473 eorum,
1970 2430 2022 2463 ut
2045 2417 2214 2478 produ-

174 2538 181 2541 ,
238 2491 363 2526 catur
393 2479 581 2542 aliquid,
617 2496 646 2526 n
668 2496 681 2525 ε
702 2494 845 2540 2451.
885 2479 1025 2541 3166.
1066 2497 1211 2543 4390.
1253 2496 1399 2543 4409.
1442 2497 1586 2542 5232.
1633 2482 1772 2542 7256.
1818 2497 1991 2527 10122.
2037 2498 2211 2543 10555.

240 2545 383 2609 Qud
402 2545 596 2608 Antiqui
629 2544 764 2591 etiam
789 2543 1057 2592 instituerint
1079 2543 1346 2608 conjugium
1372 2546 1485 2592 inter
1506 2561 1665 2592 verum
1689 2548 1738 2593 δι·
1760 2545 1949 2600 benum,
1985 2563 2044 2594 n:
2070 2562 2210 2611 1904.

240 2610 384 2673 Qod
408 2610 479 2656 lex
502 2608 704 2673 conjugii
727 2610 796 2665 s1t,
821 2623 872 2657 ut
895 2609 991 2657 duo
1013 2626 1156 2658 unum
1178 2611 1277 2667 fint,
1303 2610 1548 2658 secundum
1566 2611 1705 2658 verba
1722 2612 1928 2665 Domini,
1956 2628 2013 2658 n:
2038 2627 2209 2674 10130.

247 2674 415 2723 10168.
445 2675 614 2740 10169.
685 2676 829 2739 Qiod
853 2677 987 2723 etiam
1013 2692 1142 2723 amor
1162 2693 1265 2724 vere
1288 2675 1550 2739 conjugialis
1574 2692 1631 2723 ex
1662 2675 1878 2742 conjugio
1898 2679 1993 2724 veri
2022 2678 2070 2725 δε
2105 2677 2212 2725 boni

237 2755 263 2786 e
281 2740 407 2786 coelo
427 2739 661 2787 descendat
679 2742 728 2788 &
752 2740 922 2797 existat,
957 2758 985 2788 n
1004 2761 1015 2790 :
1038 2747 1181 2805 2728.
1218 2759 1359 2805 2729.

302 2804 446 2862 Quod
470 2805 612 2865 homo
631 2813 809 2853 tantum
830 2805 981 2870 sapiat,
1016 2821 1238 2870 quantum
1262 2809 1306 2854 in
1332 2790 1463 2855 bono⁰
1484 2806 1547 2855 est
1570 2808 1618 2855 &
1643 2808 1747 2856 inde
1771 2810 1903 2866 veris,
1945 2826 2034 2856 non
2059 2823 2212 2857 autem

237 2883 458 2941 quantum
483 2870 562 2917 scit
584 2886 689 2918 vera
721 2873 770 2918 &
792 2887 882 2919 11011
904 2874 967 2919 est
1002 2874 1046 2920 in
1073 2874 1210 2930 bono,
1248 2890 1276 2919 n
1295 2892 1307 2920 :
1329 2879 1470 2938 3182.
1497 2891 1638 2937 3190·
1662 2877 1808 2935 4884.
1881 2876 2024 2931 Quod
2051 2876 2209 2930 homo,

235 2935 314 2996 qui
337 2936 382 2982 in
404 2937 521 2982 veris
542 2951 598 2982 ex
620 2935 742 2984 bono
762 2937 843 2993 est,
879 2939 1104 2985 actualiter
1140 2940 1338 2986 elevetur
1374 2956 1398 2986 e
1422 2939 1520 2986 luce
1544 2941 1703 2987 mundi
1739 2943 1783 2988 in
1807 2941 1954 2989 lucem
1990 2941 2113 2996 coeli,
2150 2942 2210 2987 ita

231 3015 294 3047 ex
314 3001 504 3050 obscuro
528 3004 572 3049 in
596 3002 765 3050 clarum
785 3024 802 3058 ;
841 3003 1030 3052 viciffim
1055 3017 1222 3062 autem,
1257 3006 1384 3067 quod
1409 3006 1462 3053 fit
1485 3007 1530 3052 in
1552 3006 1653 3055 luce
1676 3007 1836 3055 mundi
1859 3009 1980 3055 &in
2001 3006 2208 3062 obscuro,

1284 3071 1325 3116 C
1993 3073 2208 3136 quamdiu
