2508 3432
519 134 621 205 13⁶1·
676 130 1948 212 sius⁴Doef111NACoznnsrh
2144 158 2231 218 41

166 299 170 300 ν
234 269 384 322 mines
414 283 472 318 ex
503 266 685 318 fallaciis
721 263 928 314 sensuum
963 262 1168 326 cogitent
1189 266 1258 330 A&
1280 265 1614 324 ratiocinentur,
1650 282 1711 315 n:
1733 268 1878 330 5084.
1905 279 2050 329 5700.
2086 265 2232 329 6948.

236 340 385 403 6949,
413 342 558 401 7693.
626 329 1034 397 QnalengaUaciae
1057 328 1264 376 sensuum
1298 330 1420 387 sunt,
1463 348 1526 380 n:
1549 337 1695 393 5084.
1722 348 1868 396 5094.
1893 333 2037 392 6490.
2065 333 2192 398 6948
2216 351 2228 379 z

235 406 402 467 quibus
423 403 523 451 haec
545 397 823 463 adjicienmr.
891 395 1010 442 Sunt
1034 394 1241 443 Fallaciae
1274 393 1479 461 sensuum
1505 397 1550 442 in
1572 398 1881 455 Naturalibus‚
1915 401 1962 446 in
1987 398 2229 455 Civilibus,

235 471 282 516 in
308 469 576 523 Moralibus‚
613 465 664 512 ὅτ
685 464 732 510 in
756 461 1088 525 Spiritualibus,
1124 462 1170 508 in
1194 461 1379 524 fingulis
1400 461 1596 516 multae;
1638 463 1710 508 sed
1749 464 1821 511 hic
1854 465 2023 529 aliquas
2056 466 2100 513 in
2123 466 2227 529 Spi-

233 535 468 586 ritualibus
501 528 719 582 recensere
752 527 876 576 volo.
946 528 1047 591 Qi
1078 528 1250 590 cogitat
1286 543 1342 575 ex
1372 527 1579 576 Fallaciis
1618 526 1840 585 sensuum,
1882 532 1918 577 is
1953 549 2044 579 non
2079 531 2229 596 potest

232 601 496 665 intelligere,
537 613 577 644 1.
604 595 917 661 Qodhopio
936 595 1070 657 possit
1091 592 1194 657 post
1219 606 1414 642 mortem
1438 609 1648 658 apparere
1683 605 1735 641 ut
1772 594 1948 651 homo;
1992 614 2073 645 nec
2111 614 2227 661 gau·

231 668 338 715 dere
370 665 560 714 sensibus
594 663 707 710 ficut
743 661 899 726 prius·,
940 662 1000 708 ita
1037 676 1119 723 nec
1156 661 1344 723 Angeli.
1414 677 1460 708 2.
1508 661 1746 724 Cogitant,
1792 661 1921 724 quod
1963 663 2135 711 Anima
2172 666 2227 712 fit

231 734 375 783 modo
394 729 580 796 aliquod
601 728 755 786 vitale,
793 742 905 792 pure
926 727 1191 784 aethereum,
1226 727 1285 774 de
1305 741 1402 791 quo
1431 742 1524 775 non
1553 728 1702 791 aliqua
1739 726 1840 775 idea
1873 726 2023 775 haberi
2064 731 2223 791 potest.

231 815 280 863 3.
312 799 461 864 Qod
490 797 635 845 solum
670 810 838 860 corpus
861 794 924 849 fit·
936 794 1064 857 quod
1088 792 1235 850 sentit,
1270 794 1399 842 videt
1431 795 1481 842 ὅτ
1504 795 1644 842 audit.
1722 811 1770 854 4.
1806 794 1955 859 Qod
1991 795 2133 842 homo
2172 797 2227 844 sit

224 864 386 921 fimilis
420 862 588 920 bestiae,
629 861 774 910 modo
794 860 921 924 quod
946 861 1090 908 homo
1111 862 1244 924 poffit
1274 860 1403 925 loqui
1440 876 1498 908 ex
1522 860 1819 924 cogitatione..
1880 876 1924 923 5.
1962 860 2110 925 Qod
2146 878 2224 909 na-

230 943 331 978 tura
353 930 406 978 fit
427 946 564 979 omne
586 930 636 978 &
660 929 885 995 primum,
919 942 975 974 ex
997 943 1088 991 qua
1120 928 1287 974 omnia.
1360 927 1405 974 6.
1442 927 1591 992 Qod
1622 927 1765 975 homo
1787 926 1964 974 imbuat
1997 928 2047 974 δε
2088 926 2226 975 discat

229 998 429 1061 cogitare
449 1011 531 1061 per
553 997 779 1044 influxum
812 994 1033 1042 interioris
1066 1007 1237 1042 naturae
1266 995 1317 1042 δε
1347 991 1441 1058 ejus
1477 993 1660 1041 ordinis.
1736 1012 1779 1058 7.
1817 994 1961 1058 Qod
2001 993 2223 1058 spirituale

226 1078 321 1110 non
343 1063 416 1119 fit,
446 1064 495 1110 ὅτ.
520 1063 552 1110 fi
573 1062 654 1118 est,
687 1060 814 1124 quod
840 1059 894 1108 fit
914 1061 1074 1124 purius
1102 1061 1310 1108 naturale.
1383 1065 1428 1110 8.
1465 1060 1614 1125 Qod
1655 1061 1794 1107 homo
1834 1076 1925 1108 non
1964 1061 2098 1124 poffit
2130 1058 2222 1107 frui

226 1127 378 1192 aliqua
409 1127 682 1175 beatitudine
711 1126 868 1184 ablatis
898 1124 1117 1188 jucundis
1150 1128 1318 1175 amoris
1351 1127 1530 1190 gloriae,
1566 1127 1765 1183 honoris,
1801 1125 1931 1174 lucri.
2002 1143 2046 1190 9.
2073 1127 2222 1191 Qod

225 1193 507 1242 Conscientia
530 1193 583 1242 s1t
606 1193 752 1241 modo
782 1192 1015 1258 aegritudo
1049 1194 1282 1251 animixex
1306 1194 1568 1242 infirmitate
1591 1195 1811 1258 corporis,
1846 1193 1896 1241 ὅτ
1919 1208 1979 1240 ex
2004 1209 2094 1241 non
2121 1193 2223 1240 fuc-

226 1260 428 1310 eeffibus.
483 1277 577 1309 —10.
613 1259 760 1326 Qod
795 1262 949 1308 Amor
984 1260 1183 1309 Divinus
1217 1260 1412 1308 Domini
1451 1260 1507 1308 fir.
1543 1275 1673 1308 amor
1711 1260 1886 1324 gloriae.
1962 1275 2035 1308 11.
2074 1259 2219 1320 Qod

226 1325 518 1375 Providentia
555 1343 646 1375 non
685 1326 756 1383 fit,
790 1325 866 1373 sed
902 1326 1029 1389 quod
1064 1343 1125 1374 ex
1165 1328 1346 1391 propria
1390 1327 1631 1391 prudentia
1664 1327 1715 1374 &
1749 1325 2043 1389 intelligentia
2080 1326 2224 1373 fluant

222 1393 395 1452 omnia.
469 1410 543 1444 η.
579 1393 726 1457 Qod
750 1392 940 1446 honores
958 1393 1008 1440 &
1033 1393 1211 1441 divitiae
1243 1393 1327 1441 fint
1361 1394 1492 1441 reales
1518 1394 1848 1441 benediEliones
1877 1408 1984 1455 quae
2007 1392 2171 1440 dantur
2191 1409 2219 1440 a

226 1457 362 1504 Deo:
402 1471 566 1520 praeter
607 1458 765 1515 firnilia
797 1458 940 1520 plura.
1006 1459 1140 1505 Tales
1173 1459 1275 1506 sunt
1311 1460 1520 1507 Fallaciae
1559 1459 1763 1507 sensuum
1812 1459 1859 1506 in
1899 1458 2216 1521 spiritualibus.

227 1521 341 1575 Inde
363 1522 561 1569 constare
583 1522 743 1584 potest,
766 1522 893 1584 quod
916 1521 1128 1567 Coelestia
1148 1538 1242 1568 non
1265 1523 1366 1584 capi
1388 1526 1552 1585 poffint
1570 1523 1627 1569 ab
1649 1524 1734 1569 illis
1751 1524 1831 1586 qui
1855 1538 1978 1570 mere
2000 1524 2218 1574 naturales

228 1585 280 1632 δι
301 1579 508 1633 sensuales
532 1585 632 1632 sunt
649 1607 667 1640 ς
702 1601 824 1633 mere
846 1585 1063 1632 naturales
1085 1586 1135 1632 &
1158 1584 1368 1632 sensuales
1392 1587 1511 1645 sunt,
1544 1587 1712 1651 quibus
1742 1589 1951 1638 Internus
1984 1587 2221 1653 spiritualis

226 1647 370 1697 homo
390 1649 560 1699 clausus
581 1648 663 1707 est,
697 1663 750 1697 ac
771 1647 1001 1699 Naturalis
1024 1649 1169 1699 modo
1190 1659 1385 1716 apertus.

167 1954 281 2037 Χ.
