2514 3516
758 272 944 331 DE
1052 270 1765 366 DOMLNOss
2215 290 2286 341 57

298 437 340 466 ‚‚
370 398 523 455 nima
541 435 562 462 ‚
612 395 671 454 δε
707 396 951 456 humano
994 418 1234 473 corpore
1266 397 1595 456 confistens:
1658 397 1880 472 aequalis
1910 395 2067 454 Patri
2102 397 2293 472 quoad

298 511 338 540 ,‚
374 472 681 537 Divinum,
730 491 795 529 ac
820 473 1061 542 ‚inferior
1101 475 1228 546 (alii
1249 472 1467 542 minor)
1499 471 1664 527 Patre
1708 472 1895 545 quoad
1940 471 2288 529 Humanum.

298 578 337 612 „
373 547 490 622 Qui
511 546 723 604 tametfi
743 546 822 603 est
858 549 1015 606 Deus
1033 549 1095 615 &
1118 547 1316 605 Homo
1336 586 1356 610 ,
1394 564 1510 602 non
1532 559 1716 600 tamen
1749 546 1871 600 sunt
1906 546 2020 603 duo
2040 586 2072 618 ,U
2108 545 2203 602 sed
2224 565 2291 603 u-

297 659 338 687 „
372 639 474 677 nus
506 620 792 678 Christus:
840 640 982 679 unus
1018 641 1135 679 non
1171 639 1271 694 per
1320 618 1741 676 converfionem
1780 617 2034 675 Effentiae
2067 621 2288 677 Divinae

296 732 336 762 ,‚
370 695 671 770 inCorpus
691 736 710 762 ‚
746 696 843 753 sed
864 714 964 769 per
987 696 1368 758 affumtionem
1403 695 1652 764 Humani
1683 695 1741 749 in
1763 692 1987 748 Deum:
2031 695 2183 764 (alii,
2221 715 2286 752 u·

294 806 333 836 „
371 788 472 826 nus
505 768 583 826 est
616 770 739 836 Ille,
776 789 891 828 non
914 784 1099 828 tamen
1132 771 1208 826 ita
1230 810 1249 837 ,
1285 770 1441 844 quod
1473 769 1742 826 Divinum
1774 767 2188 823 transmutatum
2221 769 2286 826 fit

294 882 332 909 „
367 845 426 901 in
450 843 802 912 Humanum,
841 846 938 903 sed
957 847 1226 904 Divinum
1248 844 1481 916 suscepit
1504 844 1575 900 ad
1608 843 1663 900 se
1695 840 2061 911 Humanum)
2088 860 2103 896 ε
2144 860 2286 900 unus

293 955 333 984 „
369 919 586 992 prorsus
606 958 626 985 ‚
675 939 791 977 non
835 939 936 995 per
988 919 1369 977 confusionem
1413 919 1540 991 (alii
1561 957 1579 983 ‚
1618 916 2111 985 commixtionem)
2159 917 2284 973 sub-

294 1030 331 1057 „
370 993 575 1050 stantiae
594 1033 617 1060 ‚
663 994 759 1051 sed
792 1011 893 1068 per
925 994 1210 1052 Unitatem
1242 993 1495 1050 Personae
1536 993 1678 1065 (alii,
1717 992 1811 1047 [lle
1844 990 1921 1048 est
1943 990 2159 1065 prorsus
2200 991 2282 1046 U-

294 1105 330 1131 „
367 1085 497 1132 nus,
536 1087 651 1124 non
683 1083 868 1126 tamen
900 1070 976 1126 ita
998 1069 1155 1144 quod
1190 1069 1333 1124 binae
1365 1083 1573 1124 naturae
1610 1067 1711 1123 fint
1732 1068 2053 1124 commixtae
2094 1066 2188 1123 sed
2213 1066 2283 1122 11-

291 1177 332 1204 „
365 1140 416 1196 le
451 1141 530 1197 est
562 1141 685 1198 Una
709 1143 1002 1213 Persona):
1044 1144 1310 1218 quoniam
1332 1141 1467 1199 ficut
1492 1142 1767 1199 rationalis
1790 1143 1970 1197 anima
1994 1143 2052 1198 &
2076 1159 2279 1212 corpus

287 1252 325 1279 „
363 1213 441 1270 est
462 1233 600 1272 unus
622 1217 824 1283 home,
861 1219 936 1274 ita
959 1219 1113 1275 Deus
1136 1218 1193 1275 δε
1218 1217 1416 1274 Homo
1441 1216 1519 1274 est
1543 1235 1680 1273 unus
1704 1216 1975 1272 Christus.
2017 1216 2132 1290 Qui
2159 1216 2280 1288 pas-

287 1324 324 1352 „
360 1288 447 1344 sus
478 1289 556 1344 est
586 1305 814 1365 propter
848 1292 1217 1349 Salvationem
1238 1292 1404 1348 nostri
1416 1331 1441 1357 ‚,
1473 1291 1759 1348 descendit
1782 1293 1840 1347 in
1863 1291 2171 1355 infernum,
2211 1290 2272 1347 δε

285 1399 322 1426 ,,
361 1362 654 1420 resurrexit
677 1367 844 1420 tertio
869 1366 960 1421 die
983 1384 1055 1422 ex
1077 1379 1283 1427 morte:
1327 1367 1384 1422 &
1408 1366 1651 1422 ascendit
1674 1368 1731 1422 in
1754 1365 2001 1430 Caelum,
2040 1366 2097 1422 &
2112 1365 2267 1421 sedet

286 1472 330 1500 ,‚
362 1435 432 1491 ad
464 1436 715 1494 dextram
748 1438 923 1494 Patris
955 1440 1396 1513 Omnipotentis:
1438 1440 1588 1495 unde
1622 1454 1884 1495 venturus
1920 1440 1998 1495 est
2031 1440 2101 1494 ad
2117 1439 2267 1510 judi-

282 1546 322 1574 „
360 1511 598 1567 candum
631 1514 787 1568 vivos
822 1514 880 1569 &
914 1529 1190 1570 mortuos:
1232 1515 1289 1570 in
1322 1512 1475 1585 cujus
1509 1513 1775 1569 Adventu
1797 1531 1989 1569 omnes
2011 1513 2265 1570 homines

273 1619 319 1649 „
357 1584 639 1657 resurgent
671 1604 801 1641 cum
820 1587 927 1643 suis
949 1588 1300 1662 corporibus:
1344 1589 1402 1644 &
1426 1588 1531 1652 illi,
1570 1589 1667 1662 qui
1690 1587 1835 1643 bona
1859 1587 2140 1652 fecerunt,
2178 1589 2264 1644 in-

282 1695 322 1723 „
359 1657 579 1715 trabunt
614 1660 672 1716 in
702 1660 879 1717 vitam
906 1676 1194 1727 aeternam,
1235 1663 1292 1719 δε
1326 1663 1426 1736 qui·
1454 1663 1593 1718 mala
1624 1662 1879 1719 fecerunt
1901 1664 1959 1719 in
1980 1663 2169 1735 ignem
2190 1681 2266 1719 ae-

281 1769 317 1798 2,
358 1745 597 1790 ternum.

283 1839 287 1843 -
344 1821 421 1868 57.
456 1809 595 1875 Quod
628 1811 778 1859 omnia
804 1810 935 1875 hujus
962 1811 1190 1862 Doctrinae
1209 1813 1355 1877 quoad
1380 1811 1546 1876 lingula
1569 1813 1663 1875 eius
1679 1813 1817 1862 verba
1834 1810 1916 1860 sint
1936 1827 2043 1862 vera
2059 1847 2072 1866 ‚
2114 1812 2257 1868 modo

280 1884 365 1933 pro
388 1872 613 1922 Trinitate
632 1876 919 1925 Personarum
938 1877 1201 1941 intelligatur
1221 1880 1421 1928 Trinitas
1438 1878 1663 1936 Personae,
1685 1878 1828 1927 videri
1851 1876 1997 1939 potest
2015 1879 2071 1925 ab
2089 1878 2254 1926 eadem

278 1935 428 1985 denuo
468 1938 716 2001 exscripta,
749 1941 823 1990 ubi
843 1942 941 1990 haec
962 1944 1163 1992 Trinitas
1186 1943 1415 1993 substituta
1443 1942 1521 1992 est.
1573 1943 1773 2008 Trinitas
1794 1943 1996 1991 Personae
2019 1940 2085 1990 est
2107 1942 2253 2001 haec„

278 1999 416 2066 Quod
437 2003 663 2053 Drvrmm
687 2007 875 2054 Domm
900 2023 975 2056 sn·
998 2009 1182 2067 PATER,
1206 2011 1434 2059 Drvrmm
1456 2010 1711 2058 Humanum
1733 2010 1894 2057 Frmus
1909 2045 1923 2066 ,
1938 2024 2002 2055 ET
2022 2009 2254 2056 Drvmtm

273 2063 553 2117 Pnocnnnns
576 2071 795 2119 Smenos
823 2073 1054 2122 sancrus.
1098 2075 1212 2122 Cum
1234 2075 1332 2123 haec
1349 2073 1550 2122 Trinitas
1571 2074 1829 2137 intelligitur
1843 2109 1857 2132 ,
1892 2085 1999 2121 tunc
2017 2074 2157 2120 horno
2170 2088 2251 2133 po·

273 2127 360 2178 test
394 2134 595 2196 cogitare
622 2150 758 2182 unum
785 2137 969 2195 Deum,
999 2137 1053 2187 ἃ,
1084 2154 1261 2203 quoque
1293 2136 1441 2202 potest
1461 2139 1613 2187 dicere
1632 2153 1767 2187 unum
1789 2140 1961 2187 Deum:
1995 2138 2114 2199 quod
2138 2138 2248 2184 alio-

273 2195 485 2256 quinnon
506 2198 635 2260 poffit
651 2199 733 2247 nifi
758 2215 889 2262 quam
908 2202 1109 2264 cogitare
1126 2216 1213 2251 tres
1230 2206 1384 2262 Deos,
1422 2205 1520 2266 quis
1540 2218 1630 2250 non
1656 2203 1811 2260 videt,
1848 2203 1898 2251 ἀ
1930 2216 2104 2265 quoque
2129 2200 2247 2249 vidit

268 2259 561 2319 Athanalius3
593 2278 728 2324 quare
751 2265 846 2326 ejus
869 2265 1098 2318 DoRrinae
1116 2268 1252 2316 etiam
1271 2269 1367 2315 haee
1394 2271 1534 2315 verba
1554 2266 1712 2315 inserta
1734 2266 1855 2324 sunt3
1873 2303 1905 2324 ,‚
1926 2267 2041 2312 Sicut
2060 2280 2112 2311 ex
2126 2264 2241 2310 Chri-

266 2321 403 2382 stiana
424 2325 605 2371 Veritate
618 2327 783 2386 obligati
790 2326 935 2386 stzmus
955 2329 1162 2389 agnoscere
1182 2346 1492 2390 unamquamque
1514 2328 1727 2391 Personam
1749 2344 1818 2392 per
1834 2329 1886 2391 se
1916 2327 1988 2389 effi
2018 2330 2152 2376 Deum
2182 2325 2240 2382 65⁹

268 2385 489 2432 Dominum
500 2403 519 2443 ,-
553 2387 667 2448 usque
692 2400 825 2435 tamen
848 2405 923 2436 non
938 2389 1134 2452 poffiaemus
1149 2408 1202 2438 ex
1224 2394 1423 2439 catholica
1445 2394 1631 2451 religione
1651 2404 1723 2439 aut
1743 2409 1796 2439 ex
1822 2392 2049 2454 ChristIana
2063 2391 2148 2453 fide
2171 2394 2233 2438 di-

271 2467 358 2498 cere
374 2449 451 2512 seu
470 2453 671 2498 nominare
703 2463 785 2498 tres
805 2453 914 2499 Deos
931 2465 1004 2500 aut
1025 2465 1107 2501 tres
1132 2455 1368 2513 Dominos„
1400 2456 1520 2519 quod
1542 2455 1663 2517 quafi
1682 2455 1773 2514 est3
1801 2455 2008 2519 quamvis
2029 2471 2084 2505 ex
2112 2455 2239 2506 Chri-

266 2515 408 2565 stiana
429 2516 616 2564 veritate
637 2515 741 2562 licet
764 2516 1003 2579 agnoscere
1019 2518 1091 2567 seu
1110 2535 1166 2568 co
1200 2521 1307 2568 itare
1328 2534 1414 2567 tres
1442 2521 1567 2568 Deos
1584 2519 1634 2569 ἃ
1657 2520 1900 2579 Dominos,
1935 2520 2233 2582 usquetamen

264 2597 357 2631 non
383 2581 492 2630 licet
522 2595 578 2628 ex
600 2579 846 2629 Christiana
868 2581 960 2631 fide
987 2581 1139 2632 dicere
1185 2599 1240 2632 eu
1260 2585 1490 2633 nominare
1521 2582 1599 2632 nifi
1630 2600 1761 2648 quam
1781 2600 1916 2634 unum
1939 2588 2089 2634 Deum
2108 2584 2158 2636 δε
2181 2603 2231 2636 u·

262 2662 369 2696 num
401 2646 721 2702 Dominum„:
756 2654 860 2695 cum
892 2660 1042 2696 tamen
1072 2649 1241 2712 agnitio
1273 2648 1323 2698 δι
1356 2650 1573 2714 cogitatio
1604 2651 1833 2714 conjungit
1861 2651 2091 2699 hominem
2120 2667 2226 2702 cum

263 2713 465 2761 Domino
491 2709 541 2759 &
574 2725 677 2758 cum
704 2711 849 2769 Caelo,
883 2727 972 2760 non
991 2726 1140 2760 autem
1161 2714 1248 2762 sola
1267 2716 1452 2777 loquela.
1498 2715 1741 2774 Praeterea‚
1776 2731 1910 2763 nemo
1931 2717 2228 2778 comprehen-

259 2777 351 2836 dit,
385 2774 611 2838 quotnodo
631 2775 847 2824 Divinum
863 2811 879 2834 ‚
910 2778 1029 2840 quod
1054 2780 1205 2827 Unum
1225 2777 1321 2836 est,
1354 2776 1501 2840 potest
1523 2779 1665 2829 dividi
1682 2781 1725 2828 in
1749 2793 1836 2829 tres
1861 2780 2093 2840 Personas,
2117 2798 2225 2846 qua·

258 2858 358 2890 rum
391 2839 639 2899 unaquaevis
670 2838 737 2886 est
767 2842 914 2895 Deus,
949 2842 1167 2891 Divinum
1188 2844 1308 2892 enim
1331 2858 1420 2897 non
1440 2842 1672 2892 dividuum
1693 2845 1782 2894 est:
1816 2861 1869 2893 ac
1895 2858 1982 2893 tres
2004 2862 2137 2894 unum
2155 2844 2224 2896 fa-

257 2922 359 2956 cere
388 2920 467 2967 per
487 2902 724 2951 Effentiam
745 2919 820 2952 aut
839 2903 1162 2966 Substantiam,
1195 2923 1287 2957 non
1307 2908 1417 2956 tollit
1438 2908 1587 2957 ideam
1612 2909 1746 2958 trium
1763 2912 1966 2959 Deorum
1980 2947 1994 2970 ,
2024 2911 2100 2960 sed
2123 2928 2222 2961 mo·

258 2972 319 3020 do
341 2971 418 3018 dat
438 2969 586 3016 ideam
607 2969 921 3017 Unanimitatis
942 2986 1113 3019 eorum.

322 3041 399 3094 58.
437 3033 572 3107 Quod
607 3033 757 3081 omnia
777 3035 887 3082 illius
908 3034 1138 3084 Doctrinae
1154 3036 1298 3100 quoad
1321 3038 1487 3103 singula
1506 3039 1599 3103 ejus
1616 3040 1753 3088 verba
1766 3076 1779 3099 ,
1814 3040 1897 3090 fint
1916 3056 2049 3099 vera,
2083 3042 2220 3090 modo

254 3115 337 3163 pro
390 3100 613 3148 Trimtate
671 3099 954 3150 Personarum
1009 3101 1276 3216 intelligat&-
1330 3105 1531 3156 Trinitas
1585 3105 1786 3159 Personae
1805 3142 1821 3166 ,
1886 3106 2087 3157 constare
2137 3123 2226 3217 poi:t

258 3186 262 3189 ⁴
2142 3183 2185 3219 te
