2502 3432
1500 23 1510 32 fi
1570 23 1574 25 “
1588 32 1591 34 .

1498 42 1507 53 ’“
1515 31 1611 77 ff*

1490 68 1504 79 ,.

316 202 404 267 32
568 131 783 242 ΖΒΕ
863 174 1375 240 ULTIMo
1446 175 1985 268 Juntclo

311 307 448 356 simul
470 304 532 354 ibi
555 304 703 369 aliqua
725 317 831 370 quae
853 305 900 353 in
921 304 1123 363 Daniele,
1156 321 1263 370 quae
1294 305 1357 355 ob
1391 322 1483 356 non
1519 307 1759 372 cognitum
1793 308 1966 358 sensum
2009 306 2305 373 spiritualem,

315 375 408 421 huc
431 373 568 436 usque
588 374 816 420 recondita
836 372 1076 420 latuerunt.

387 457 466 503 43.
504 440 604 497 Qui
638 454 729 487 non
764 437 937 497 sensum
980 439 1208 486 internum
1246 436 1319 485 seu
1360 437 1630 503 spiritualem
1675 442 1818 498 novit,
1855 441 2071 506 nusquam
2107 441 2307 490 divinare

316 505 466 569 potest
501 504 615 568 quid
652 506 698 552 in
722 503 999 569 Apocalypsi
1036 502 1301 565 intelligitur
1338 520 1419 568 per
1452 506 1727 565 Draconem,
1775 509 1824 556 &
1864 525 1943 572 per
1979 508 2215 556 Michaelis
2254 508 2306 556 &

318 570 611 634 Angelorum
634 567 729 634 ejus
750 586 953 634 pugnam
979 585 1087 617 cum
1112 568 1226 623 illo;
1261 570 1374 632 quid
1413 585 1492 634 per
1528 574 1720 621 caudam
1757 590 1847 638 qua
1868 575 2019 622 Draco
2058 574 2247 621 detraxit
2282 588 2309 620 e

321 639 461 685 Coelo
497 638 673 684 tertiam
711 649 885 700 partem
925 634 1185 689 stellarum;
1240 634 1353 697 quid
1397 651 1477 699 per
1517 637 1762 687 Mulierem
1802 655 1909 702 quae
1946 641 2119 704 peperit
2156 640 2307 686 filium

321 702 589 760 masculum,
624 703 703 766 qui
737 714 891 765 raptus
930 700 994 748 est
1031 700 1087 748 ad
1111 701 1284 756 Deum,
1320 700 1371 748 δι
1393 717 1532 763 quam
1567 704 1856 766 persequutus
1888 705 1952 752 est
1984 707 2153 761 draco3
2193 704 2308 768 quid

319 784 401 831 per
423 769 616 816 Bestiam
639 767 947 815 ascendentem
971 782 997 813 a
1019 768 1148 821 mari,
1185 766 1235 812 &
1260 780 1339 828 per
1361 765 1551 813 Bestiam
1586 767 1892 816 ascendentem
1925 786 1951 817 a
1973 782 2102 826 terra,
2141 771 2307 833 quibus

321 846 391 881 tot
415 849 612 888 cornua;
652 832 766 896 quid
790 846 869 895 per
892 831 1183 878 Meretricem
1215 846 1322 878 cum
1347 847 1435 895 qua
1474 831 1649 881 scortati
1689 833 1790 881 sunt
1813 835 1962 898 Reges
1997 849 2159 892 tevrrae3
2193 836 2307 900 quid

319 915 400 963 per
433 898 820 946 Resurrectionem
861 899 1057 961 primam
1094 898 1144 944 ὅτ
1185 895 1443 955 secundam,
1486 914 1654 962 perque
1689 900 1817 947 mille
1854 916 2027 956 annos3
2074 902 2184 964 quid
2227 917 2307 964 per

319 966 543 1028 Stagnum
567 963 788 1027 sulphuris
809 963 859 1011 &
883 964 1017 1027 ignis,
1052 964 1098 1009 in
1121 963 1249 1025 quod
1271 963 1423 1020 draCO,
1459 963 1608 1022 bestia,
1636 966 1687 1013 ὅτ
1710 965 2099 1030 pseudopropheta
2119 965 2307 1030 conjecti

318 1029 451 1087 sunt;
503 1031 616 1094 quid
656 1046 736 1094 per
758 1031 948 1092 Equum
973 1029 1186 1084 Album;
1238 1040 1338 1076 tum
1371 1029 1482 1093 quid
1524 1047 1604 1095 per
1640 1034 1764 1095 prius
1798 1033 1987 1080 Coelum
2026 1035 2074 1080 δε
2108 1034 2305 1096 priorem

321 1098 530 1153 Terram,
549 1113 655 1160 quae
674 1096 990 1144 transiverunt:
1017 1095 1067 1143 &
1087 1094 1199 1158 quid
1217 1111 1296 1158 per
1318 1111 1494 1143 nov-um
1511 1097 1698 1145 Coelum
1712 1099 1766 1146 &
1782 1114 1950 1146 novam
1965 1100 2175 1154 Terram,
2201 1114 2307 1162 quae

318 1163 422 1211 loco
445 1165 686 1227 priorum3
722 1178 891 1226 perque
916 1162 1047 1208 Mare
1085 1160 1212 1224 quod
1253 1177 1344 1209 non
1383 1162 1608 1225 amplius;
1659 1176 1760 1211 tum
1801 1164 1914 1226 quid
1954 1179 2034 1226 per
2057 1163 2303 1210 Civitatem

317 1229 689 1291 Hierosolymam
714 1244 880 1276 novam
906 1227 1244 1274 descendentem
1268 1244 1293 1274 e
1316 1227 1470 1284 Coelo,
1504 1244 1672 1292 perque
1694 1228 1789 1292 ejus
1823 1229 2062 1284 mensuras,
2102 1244 2307 1286 murum,

308 1308 488 1358 portas,
525 1297 573 1342 δε
609 1293 958 1343 fundamentum
995 1309 1051 1340 ex
1090 1293 1311 1355 lapidibus
1349 1295 1580 1355 pretiosis3
1621 1296 1734 1357 quid
1770 1310 1850 1356 per
1882 1295 2027 1342 varios
2062 1309 2306 1350 numeros·,

317 1374 483 1423 praeter
516 1360 698 1424 reliqua,
734 1375 842 1424 quae
879 1359 1149 1406 arcaniffima
1173 1357 1282 1403 :sunt
1317 1357 1403 1404 illis
1437 1360 1516 1420 qui
1550 1359 1661 1406 nihil
1699 1360 1757 1406 de
1779 1359 1992 1422 spirituali
2026 1359 2148 1406 sensu
2170 1359 2309 1406 Verbi

318 1439 500 1539 mogunt.
570 1427 660 1474 Sed
684 1425 858 1488 fingula
884 1425 1058 1473 detesta
1080 1422 1355 1470 videbuntur
1388 1423 1434 1470 in
1456 1425 1668 1488 promiffa
1690 1425 2003 1489 Explicatione
2025 1423 2154 1489 super
2176 1425 2308 1473 illum

317 1492 380 1541 Li
413 1507 534 1540 rum.
1459 1494 1476 1511 ⁶

381 1575 463 1619 44.
499 1559 554 1606 In
576 1558 844 1606 antecefl‘um
863 1554 1210 1605 memorandum
1232 1554 1311 1612 est,
1336 1556 1463 1619 quod
1486 1557 1641 1604 omnia
1662 1573 1767 1620 quae
1788 1557 1897 1605 inibi
1921 1556 1966 1605 in
1988 1557 2160 1605 coelesti
2186 1557 2304 1604 sensu

317 1627 626 1681 continentur,
662 1639 784 1671 nunc
821 1623 1006 1686 impleta
1040 1622 1155 1668 fint:
1198 1623 1465 1668 communia
1496 1622 1644 1683 aliq-ua
1680 1623 1817 1668 velim
1855 1624 1902 1668 in
1940 1623 2028 1669 hoc
2067 1622 2303 1685 Opusculo

317 1689 511 1745 tradere,
546 1689 604 1736 de
628 1689 814 1736 Ultimo
837 1688 1058 1748 Judicio;
1112 1686 1170 1732 de
1204 1685 1452 1746 Babylonia
1489 1685 1742 1741 destrusta3
1786 1687 1843 1733 de
1889 1688 2040 1750 primo
2076 1687 2215 1734 Coelo
2252 1688 2301 1735 &

318 1756 468 1818 prima
494 1756 640 1800 Terra
677 1769 785 1816 quae
819 1752 1144 1800 transiverunt:
1185 1751 1241 1797 de
1280 1766 1403 1797 novo
1440 1751 1596 1808 Coelo,
1631 1751 1776 1815 deque
1817 1768 1934 1802 nova
1957 1753 2117 1808 Terra,
2163 1753 2213 1800 ὅτ
2247 1752 2305 1799 de

318 1835 437 1868 nova
463 1818 800 1881 Hierosolyma,
835 1818 897 1865 ob
921 1816 1097 1864 causam
1130 1828 1183 1863 ut
1205 1815 1366 1863 sciatur
1397 1817 1523 1879 quod
1546 1819 1699 1864 omnia
1723 1833 1845 1864 nunc
1866 1818 2042 1882 perafta
2066 1818 2150 1865 sint
2170 1836 2183 1866 ι
2229 1817 2302 1866 sed

316 1885 520 1950 specifica
544 1901 635 1932 non
657 1884 773 1932 tradi
795 1894 987 1947 queunt,
1023 1883 1103 1932 nifi
1125 1883 1206 1930 ubi
1227 1882 1507 1946 explicantur
1528 1882 1701 1945 singula
1723 1883 1969 1932 secundum
1989 1883 2304 1948 descriptiones

316 1953 366 2001 in
391 1951 536 2000 Libro
558 1950 863 2001 Revelationis
892 1949 953 1998 -de
977 1948 1079 1997 illis.

475 2132 710 2244 Qod
751 2126 1121 2207 Ultimum
1159 2120 1533 2233 Judicium
1590 2124 1971 2236 peraestum
2029 2125 2133 2213 fit.

316 2364 399 2412 45.
505 2348 700 2396 UPRA
736 2347 782 2393 in
812 2345 892 2394 suo
915 2345 1129 2394 Articulo
1160 2343 1385 2392 ostensum
1421 2344 1501 2401 est,
1535 2343 1661 2407 quod
1688 2343 1925 2391 Ultimum
1942 2342 2177 2403 Judicium
2211 2361 2302 2394 non

539 2414 696 2462 existat
728 2413 775 2467 in
813 2413 958 2468 terris,
995 2408 1070 2457 sed
1104 2411 1151 2457 in
1192 2410 1379 2457 Mundo
1420 2409 1650 2474 spirituali,
1699 2409 1776 2456 ubi
1821 2424 1980 2456 omnes
2021 2427 2046 2457 a
2079 2412 2304 2475 principio

315 2481 553 2529 creationis
575 2478 709 2526 fimul
731 2476 867 2533 sunt,
903 2479 952 2526 &
973 2477 1080 2540 quia
1113 2476 1175 2523 ita
1196 2475 1275 2532 est,
1311 2491 1402 2523 non
1436 2474 1581 2539 potest
1617 2474 1673 2521 ad
1708 2474 2017 2538 cognitionem
2054 2477 2186 2523 ullius
2218 2478 2300 2525 ho·

321 2548 456 2594 minis
479 2547 650 2602 venire,
683 2559 830 2608 quum
854 2542 1095 2590 Ultimum
1112 2541 1352 2603 Judicium
1376 2541 1605 2604 peracstum
1630 2539 1710 2597 est,
1734 2539 1921 2603 quisque
1941 2542 2061 2588 enim
2084 2542 2302 2606 exspectat

320 2613 369 2660 id
393 2614 439 2659 in
461 2614 606 2668 terris,
642 2612 692 2661 ,δε
715 2609 848 2657 fimul
869 2621 979 2656 tunc
1012 2611 1222 2656 omnium
1248 2608 1545 2654 mutationem
1569 2607 1615 2653 in
1640 2607 1778 2654 Coelo
1806 2607 1930 2669 quod
1956 2623 2107 2654 coram
2141 2609 2299 2662 oculis,

317 2679 369 2726 ,ὅτ
393 2679 439 2726 in
462 2678 632 2734 Terris,
667 2691 872 2739 cumque
891 2677 1119 2725 Humano
1140 2675 1316 2721 Genere
1349 2673 1438 2720 ibi:
1475 2689 1531 2720 ne
1555 2673 1701 2735 itaque
1723 2671 1865 2719 homo
1887 2673 2100 2721 Ecclefiae
2139 2677 2184 2721 in
2220 2674 2295 2720 tali

317 2744 428 2799 fide,
463 2760 521 2790 ex
541 2743 792 2808 ignorantia
808 2743 950 2798 vivat,
987 2742 1037 2789 δι
1061 2740 1142 2797 illi,
1167 2742 1248 2803 qui
1271 2739 1328 2785 de
1344 2738 1532 2786 Ultimo
1547 2739 1735 2799 Judicio
1752 2739 1968 2802 cogitant,
1991 2739 2300 2803 praestolentur

319 2809 435 2855 illud
456 2812 504 2856 in
527 2821 816 2873 perpetuum,
853 2808 973 2855 unde
996 2807 1178 2855 tandem
1203 2806 1397 2869 peritura
1419 2805 1472 2852 fit
1494 2805 1606 2852 fides
1629 2804 1686 2851 de
1708 2804 1792 2851 illis
1815 2820 1921 2868 quae
1943 2805 1990 2852 in
2012 2804 2131 2853 sensu
2154 2803 2295 2851 literae

320 2873 463 2919 Verbi
490 2875 547 2920 de
569 2876 648 2923 illo
670 2874 790 2921 dicta
815 2873 932 2931 sunt,
969 2874 1019 2922 &
1044 2889 1098 2919 ne
1120 2871 1237 2920 forte
1259 2871 1364 2918 ideo
1386 2871 1535 2934 plures
1553 2870 1756 2918 receffuri
1778 2871 1865 2918 fint
1897 2887 1922 2918 a
1945 2870 2035 2918 fide
2056 2870 2112 2916 de
2125 2869 2299 2926 Verb0,

317 2938 483 2986 datum
512 2937 578 2987 est
601 2939 711 2987 mihi
744 2940 887 2987 oculis
910 2941 1020 2986 meis
1046 2938 1215 2994 videre,
1250 2938 1376 3001 quod
1403 2937 1639 2984 Ultimum
1663 2937 1899 2998 Judicium
1925 2950 2044 2982 nunc
2066 2935 2298 2997 peractum

318 3002 393 3060 fit,
427 3004 626 3065 &quod
659 3006 765 3051 mali
797 3003 986 3066 conjecti
1020 3005 1106 3052 fint
1138 3005 1182 3051 in
1209 3003 1401 3060 Inferna,
1443 3019 1492 3050 ac
1526 3003 1631 3050 boni
1662 3003 1823 3050 elevati
1857 3003 1903 3049 in
1925 2999 2128 3055 Caelum,
2165 3001 2212 3047 δι
2238 3001 2297 3047 fic

319 3070 449 3132 quod
485 3069 638 3116 omnia
677 3070 723 3114 in
745 3070 950 3116 ordinem
977 3070 1152 3117 redacta
1185 3070 1287 3126 sint,
1320 3070 1371 3116 δε
1403 3070 1507 3115 inde
1540 3067 1794 3116 restitutum
1811 3065 2140 3128 AEquilibrium
2174 3066 2299 3129 spiri-

320 3134 464 3194 tuale,
497 3135 627 3198 quod
647 3132 708 3182 est
733 3133 846 3182 inter
866 3135 1043 3182 bonum
1067 3136 1117 3183 &
1136 3135 1326 3193 malum,
1361 3133 1434 3182 seu
1458 3135 1572 3182 inter
1594 3135 1781 3182 Coelum
1804 3134 1854 3181 &
1870 3128 2116 3180 Infernum.
2162 3132 2300 3247 (233-

2161 3213 2209 3245 m
2273 3213 2306 3246 ο
