2502 3432
536 168 649 230 ΒΕ
686 160 1309 255 TEssLQiBUS
1359 183 1439 226 m
1488 158 2008 227 UNIV‘ERSO.
2184 179 2273 227 '11

344 294 424 347 ΞΒ.
458 294 617 344 Poste·
635 292 754 340 mihi
773 281 1064 358 {wi-sitibus
1087 291 1307 357 Mercurii
1333 292 1594 338 mittebatur
1617 285 1772 340 charta
1795 292 1948 357 longa,
1972 290 2222 355 inaequalis,
2247 309 2272 339 a

235 411 245 419 ,
263 362 486 427 plurib-⁸
513 357 1034 422 chartisconglutinata,
1058 371 1166 421 quae
1191 357 1431 420 apparebat
1454 357 1567 403 ficut
1589 359 1793 420 impreffia
1817 363 1953 421 typis,
1976 357 2188 423 qualibus
2222 360 2267 405 in

275 427 613 481 fficjrelluref
639 422 830 488 quaefivi
869 439 981 473 num
1018 424 1125 470 talia
1165 421 1379 478 haberent
1410 423 1533 485 apud
1557 422 1615 478 se,
1657 423 1730 469 sed
1768 424 1977 471 dicebant
2008 425 2135 487 quod
2177 438 2267 471 non

275 485 483 548 habebnt,
522 501 683 544 verum
704 489 831 553 quod
865 489 1002 536 sciant
1024 489 1131 536 tales
1168 489 1339 536 chartas
1370 489 1417 534 in
1452 487 1600 534 nostra
1621 489 1806 550 Tellure
1845 489 1974 544 dari3
2017 505 2107 536 non
2141 491 2268 536 vol&

277 560 389 607 bant
424 559 554 622 plura
586 557 734 602 dicere
754 578 770 610 ;
824 554 898 602 sed
939 555 1240 618 percipiebam
1277 554 1409 618 quod
1446 553 1695 615 cogitarent
1728 553 1854 615 quod
1895 556 2176 616 cognitiones
2221 558 2265 601 in

275 621 422 675 nostra
444 622 629 670 Tellure
648 623 786 669 effent
809 619 940 683 super
962 621 1139 677 chartis,
1164 621 1216 667 δε
1239 636 1331 667 non
1354 621 1415 666 ita
1438 621 1484 665 in
1505 619 1705 675 homine,
1729 622 1786 665 ita
1814 618 2117 666 subsannando
2139 623 2266 682 quod

275 690 444 740 chartas
463 685 586 752 quast
608 687 768 735 scirent
788 700 895 749 quae
917 702 1009 734 non
1032 687 1175 734 homo
1197 704 1208 732 :
1250 685 1326 732 sed
1349 684 1676 732 instruebantur
1708 685 1949 748 quomodo
1982 701 2090 731 curn
2116 686 2201 730 hoc
2227 688 2269 731 se

275 753 470 805 biberet.
545 754 654 801 Post
685 752 870 816 aliquod
892 765 1076 816 tempus
1096 753 1342 808 redierunt,
1372 752 1423 798 δε
1446 751 1502 798 ad
1528 767 1602 798 me
1626 752 1864 798 mittebant
1899 752 2029 797 aliam
2067 751 2266 798 chartam

273 823 412 868 etiam
435 821 549 869 ficut
570 821 692 882 typis
712 831 950 875 exaratam,
987 831 1039 865 ut
1057 831 1151 865 erat
1167 820 1313 881 prior,
1338 815 1411 864 sed
1434 833 1526 864 non
1550 818 1612 863 ita
1635 818 1991 879 conglutinatam
2016 817 2064 864 δε
2090 820 2264 864 incom—

277 898 389 943 εαξη,
428 902 588 934 vetum
612 887 845 932 decentem
878 887 930 932 ἃ.
954 884 1179 940 nitidam3
1221 884 1434 931 dicebant
1466 883 1595 946 quod
1633 882 1861 931 informati
1898 885 2082 931 ulterius
2111 884 2266 939 effent,

275 953 403 1016 quod
428 954 472 999 in
495 953 574 999 hac
598 952 756 999 tellure
776 950 883 998 tales
904 947 1071 998 ehart'ae
1094 950 1197 1006 fint,
1237 951 1288 997 ὅτ
1311 950 1416 996 inde
1439 950 1555 997 libri.
1620 953 1627 958 ‘
1991 982 1995 983 ν
2252 979 2257 983 -

346 1035 423 1082 29.
456 1013 537 1065 'Ex
571 1018 637 1064 his
666 1033 777 1080 quae
811 1033 932 1064 nunc
954 1017 1075 1064 dieta
1106 1016 1225 1072 sunt,
1265 1016 1438 1063 constat
1477 1013 1723 1070 manifeste,
1762 1015 1885 1078 quod
1912 1016 2122 1079 Spiritus,
2162 1031 2269 1079 quae

274 1084 515 1136 vident&
551 1083 742 1131 audiunt
779 1085 826 1129 in
864 1083 999 1130 altera
1030 1085 1143 1140 vita,
1180 1084 1399 1130 memoria
1428 1083 1661 1138 retineant,
1698 1083 1749 1128 &
1785 1082 1911 1144 quod
1954 1083 2017 1129 illi
2050 1098 2182 1145 aeque
2219 1097 2269 1127 ac

273 1165 384 1197 cum
408 1148 592 1196 fuerunt
617 1150 822 1196 homines
855 1151 903 1196 in
927 1149 1121 1205 mundo,
1163 1149 1319 1195 instrui
1360 1161 1546 1211 queant,
1586 1147 1778 1211 proinde
1818 1150 1862 1194 in
1903 1147 1992 1195 illis
2025 1164 2132 1211 quae
2164 1149 2270 1194 fidei

274 1215 396 1270 funt,
433 1217 484 1262 δε
507 1216 567 1262 [ις
603 1215 792 1277 perfici:
839 1231 934 1278 quo
969 1217 1200 1262 interiores
1222 1213 1402 1278 spiritus
1423 1216 1474 1261 &
1510 1214 1658 1277 angeli
1690 1213 1807 1270 sunt,
1848 1229 1905 1260 eo
1929 1217 2186 1277 promptius
2220 1215 2269 1261 δε

277 1280 452 1342 plenius
474 1281 715 1334 hamiunt,
739 1282 791 1326 &
814 1279 1052 1342 perfectius
1076 1282 1267 1326 retinent
1283 1302 1299 1334 ·,
1347 1282 1398 1326 &
1420 1281 1529 1342 quia
1551 1281 1639 1326 hoc
1661 1280 1708 1325 in
1730 1291 1973 1336 aeternum‚
1997 1294 2120 1341 patet
2142 1281 2268 1343 quod

278 1345 367 1392 illis
390 1344 553 1392 crescat
573 1344 782 1407 sapientia
803 1346 1043 1391 continue:
1081 1344 1201 1406 apud
1223 1346 1446 1391 Mercurii
1469 1345 1647 1407 spiritus
1670 1346 1886 1392 continue
1908 1345 2061 1391 crescit
2096 1346 2271 1392 scientia

276 1425 450 1467 terum,
490 1410 564 1457 sed
604 1410 708 1456 inde
746 1425 839 1458 non
875 1409 1097 1472 sapientia,
1141 1410 1249 1472 quia
1281 1410 1586 1471 cognitiones,
1624 1425 1732 1472 quae
1766 1410 1916 1456 media
1938 1410 2058 1467 sunt,
2097 1410 2270 1468 am‘ant,

279 1491 374 1538 non
395 1489 546 1534 autem
571 1474 672 1529 usus
695 1476 775 1538 qui
799 1475 925 1522 fines.

350 1558 431 1605 30.
467 1542 627 1595 Porro,
667 1541 812 1602 qualis
833 1541 896 1587 est
917 1540 1079 1603 genius
1101 1539 1358 1602 spirituum,
1397 1539 1479 1602 qui
1516 1555 1576 1586 ex
1599 1540 1783 1587 Planeta
1803 1539 2038 1588 Mercurio
2060 1541 2178 1597 sunt,
2215 1558 2272 1589 ex

275 1607 565 1670 sequentibus
580 1605 730 1651 adhue
751 1604 948 1653 constare
967 1604 1130 1666 potest.
1200 1604 1467 1658 Sciendum,
1488 1604 1617 1666 quod
1639 1619 1815 1660 omnes,
1849 1617 2148 1668 quotcunque
2171 1606 2271 1654 sunt

274 1671 455 1736 spiritus
482 1671 532 1718 ὅτ
566 1667 732 1732 angeli,
771 1668 939 1717 fuerint
972 1669 1215 1724 homines·,
1257 1668 1510 1715 humanum
1550 1670 1673 1716 enirn
1713 1685 1856 1733 genus
1878 1670 1944 1717 est
1982 1670 2270 1720 seminarium

276 1737 385 1785 coeli
401 1759 417 1792 ;
455 1742 558 1783 tum
579 1736 706 1799 quod
730 1735 907 1799 spiritus
931 1735 1039 1782 tales
1068 1735 1246 1799 prorsus
1270 1735 1357 1783 fint
1391 1735 1544 1798 quoad
1577 1735 1836 1782 affeffiones
1868 1737 1919 1783 δι
1943 1737 2270 1795 inclinationes,

276 1802 434 1867 quales
452 1801 636 1850 fuerunt
657 1816 766 1849 cum
787 1803 1000 1849 vixerunt
1021 1801 1226 1848 homines
1263 1802 1310 1848 in
1343 1801 1555 1857 mundo;
1594 1817 1700 1849 nam
1727 1817 2104 1868 unumquemque
2127 1804 2272 1868 sequi·

277 1881 355 1916 tur
374 1869 469 1915 vita
488 1865 586 1931 ejus
602 1869 709 1926 (n):
753 1869 861 1930 quia
895 1868 958 1916 ita
988 1867 1067 1924 est,
1108 1868 1269 1932 genius
1301 1867 1543 1915 hominum
1582 1866 1781 1932 cujusvis
1802 1869 2021 1927 Telluris,
2061 1871 2275 1934 cognosci

275 1933 424 1999 potest
445 1950 471 1980 a
493 1935 629 1996 genio
652 1933 888 1997 spirituum
914 1935 995 1998 qui
1030 1935 1136 1982 inde
1158 1934 1273 1981 sunt.

345 2017 423 2064 31.
459 2001 583 2058 Quia
605 2001 798 2062 Spiritus
823 2000 1045 2048 Mercurii
1081 2003 1127 2048 in
1163 2000 1381 2048 Maximo
1405 2000 1618 2049 Homine
1652 1999 1850 2048 referunt
1890 2004 2163 2051 memoriam
2203 2020 2272 2051 re-

275 2075 380 2114 mm
418 2082 444 2114 a
482 2065 782 2113 materialibus
816 2066 1148 2124 abstractarum,
1191 2067 1364 2129 idcirco
1402 2068 1591 2130 quando
1629 2067 1787 2131 aliquis
1823 2081 1932 2115 cum
1969 2069 2056 2116 illis
2091 2070 2150 2116 de
2184 2083 2276 2118 ter·

277 2132 503 2189 restribus,
532 2134 769 2196 corporeis
792 2134 843 2182 δε
862 2149 982 2180 mere
1005 2133 1247 2181 mundanis
1270 2133 1491 2198 loquitur,
1536 2134 1700 2182 nolunt
1722 2133 1900 2198 prorsus
1922 2135 2108 2192 audire3
2148 2135 2273 2198 fique

279 2199 431 2246 audire
454 2199 510 2246 de
533 2199 620 2247 illis
647 2212 894 2262 coguntur,
930 2199 1224 2248 transmutant
1258 2216 1310 2248 ea
1344 2203 1390 2247 in
1430 2200 1529 2258 alia,
1570 2200 1620 2248 &
1653 2201 1924 2264 plerumque
1964 2204 2011 2249 in
2037 2204 2271 2258 contraria,

280 2275 334 2312 ut
354 2266 540 2312 evitent.
1418 2264 1423 2269 “
2239 2264 2246 2272 ’

350 2347 426 2391 32.
468 2331 542 2376 Ut
564 2345 649 2391 pro
671 2342 794 2375 certo
816 2329 991 2383 scirem,
1032 2332 1159 2391 quod
1193 2332 1290 2376 talis
1313 2347 1472 2376 eorum
1509 2333 1668 2391 genius
1706 2332 1829 2385 effet,
1872 2331 1999 2376 licuit
2032 2330 2274 2392 repraesen-

280 2405 371 2440 tare
394 2394 479 2439 illis
503 2407 643 2454 prata,
681 2393 871 2447 novalia,
914 2392 1085 2449 hortos,
1124 2394 1286 2454 sylvas,
1322 2394 1526 2448 flumina,
1567 2393 1899 2455 (repraesentare
1930 2394 2048 2450 talia,
2072 2395 2135 2442 est
2157 2396 2271 2444 ima·

280 2460 478 2522 ginative
514 2456 657 2503 fistere
690 2457 765 2504 illa
795 2473 946 2505 coram
986 2458 1090 2514 alio,
1130 2474 1236 2521 quae
1271 2460 1318 2504 in
1357 2459 1493 2505 altera
1514 2460 1609 2504 vita
1647 2470 1863 2522 apparent
1894 2459 1948 2506 ad
1971 2461 2161 2514 vivum)
2196 2461 2272 2510 sed

282 2525 404 2571 illico
425 2522 775 2570 transmutabant
799 2524 889 2581 illa,
928 2537 1055 2588 prata
1077 2526 1127 2572 ὅτ
1150 2523 1326 2572 novalia
1345 2523 1656 2581 obscurabant,
1687 2527 1736 2571 δε
1761 2540 1840 2588 per
1863 2525 2271 2588 repraesentationes

282 2589 532 2654 implebant
566 2590 826 2652 anguibus3
863 2591 1051 2639 flumina
1086 2591 1380 2655 denigrabant
1417 2603 1470 2638 ut
1502 2607 1615 2654 aqua
1653 2606 1744 2638 non
1782 2591 1972 2655 limpida
2009 2606 2267 2658 appareret-z

281 2673 389 2704 curn
414 2671 681 2719 quaererem,
717 2672 797 2703 cur
819 2658 879 2703 ita
902 2655 1112 2714 facerent,
1139 2658 1362 2714 dicebant,
1402 2658 1530 2721 quod
1555 2674 1644 2705 non
1674 2657 1816 2704 velint
1853 2659 2052 2720 cogitare
2086 2660 2145 2707 de
2165 2661 2271 2709 tali·

283 2723 384 2778 δας,
427 2722 498 2768 sed
523 2721 581 2768 de
603 2722 804 2777 realibus,
849 2738 955 2785 quae
986 2721 1086 2770 sunt
1108 2725 1390 2787 cognitiones
1414 2739 1564 2771 rerum
1590 2741 1615 2771 a
1637 2722 1912 2771 terrestribus
1932 2724 2266 2784 abstrastarum,

281 2789 509 2852 imprimis
537 2787 698 2834 talium
721 2803 828 2851 quae
847 2789 1040 2836 existunt
1063 2790 1110 2836 in
1133 2790 1275 2838 coelis.

320 2919 326 2923 1
352 2871 429 2917 33.
464 2852 623 2900 Postea
661 2853 1026 2917 repraesentabam
1068 2855 1157 2903 illis
1192 2857 1400 2904 volucres
1445 2853 1636 2920 majores
1678 2856 1730 2905 &
1767 2857 1985 2916 minores,
2027 2858 2179 2922 quales
2223 2859 2272 2906 in

1294 2924 1333 2970 B
1371 2941 1396 2972 2
2125 2924 2274 2973 nostra

348 3081 419 3137 (n)
451 3080 574 3134 Quod
605 3083 684 3123 vita
714 3083 777 3124 sua
798 3086 1109 3139 unumquemvie
1132 3096 1293 3128 maneat
1319 3087 1358 3128 δι
1379 3087 1563 3142 sequatur
1590 3086 1676 3142 post
1692 3081 1885 3139 mortem,
1919 3104 1946 3131 n
1965 3103 1974 3130 :
1996 3103 2124 3145 4227.
2144 3101 2272 3145 7440.

290 3134 411 3189 Qud
441 3151 605 3179 externa
642 3141 735 3181 vitae
766 3141 893 3181 clausa
922 3151 1135 3184 teneantur
1165 3143 1252 3199 post
1298 3154 1489 3194 mortem,
1535 3159 1588 3187 ac
1613 3147 1770 3187 interna
1802 3149 1895 3189 vitae
1929 3147 2172 3201 aperiantur,
2220 3158 2276 3186 n:

291 3205 419 3249 4314.
443 3197 568 3250 5128.
588 3198 718 3254 6495.
750 3197 874 3253 Qod
898 3209 997 3244 tunc
1025 3202 1163 3245 omnia
1197 3203 1236 3246 &
1257 3202 1408 3260 singula
1426 3203 1681 3260 cogitationis
1701 3213 1880 3260 pateant,
1902 3220 1930 3248 n
1948 3220 1957 3247 :
1973 3205 2104 3262 4633.
2129 3203 2255 3260 5128.
