2502 3432
295 180 380 247 52
619 161 764 225 DE
838 157 2020 252 ῑῑῑκιἾΜο,μτῡιειοΑ

290 287 413 352 leges
444 287 598 337 civiles
627 289 678 338 δε
710 289 905 338 morales
924 288 1034 354 justi
1059 290 1106 338 δε
1129 289 1283 338 sinceri
1305 288 1504 347 fuerunt,
1538 293 1585 340 ἃ
1611 309 1701 340 non
1727 306 1909 357 propter
1934 296 2052 360 leges
2076 299 2280 360 Divinas,

291 355 353 402 ita
375 357 454 418 qui
479 356 668 404 Externi
698 355 770 405 seu
792 355 1030 405 Naturales
1052 357 1256 405 homines
1278 355 1476 414 fuerunt,
1511 373 1562 405 ac
1587 375 1676 406 non
1705 360 1868 407 luterni
1893 360 1964 409 seu
1990 366 2246 427 spirituales
2266 390 2283 424 ³

289 422 342 468 &
370 437 557 486 quoque
593 423 673 486 qui
710 424 756 470 in
791 422 1110 471 doetrinalibus
1144 423 1372 480 Ecckfiae,
1407 423 1456 470 ὅτ
1490 425 1650 472 docere
1684 425 1944 488 potuerunt,
1979 433 2151 479 tametsi
2193 449 2286 485 non

293 488 342 534 in
382 489 477 536 vita
516 488 763 536 secundum
808 488 916 546 i11a;
967 501 1068 537 tum
1112 491 1193 552 qui
1233 492 1279 537 in
1319 490 1450 537 variis
1497 488 1802 539 funflionibus
1848 493 2046 552 fuerunt,
2091 499 2140 544 δι
2181 498 2284 548 usus

290 551 513 612 fecerunt,
547 554 620 602 sed
645 570 736 618 not)
760 569 946 619 propter
970 555 1100 603 usus:
1136 557 1183 603 hi
1203 556 1255 603 &
1279 555 1443 609 horum
1468 555 1629 604 fimiles
1654 565 1708 605 αι
1743 560 1958 607 omnibus
1997 564 2042 608 in
2076 565 2284 613 universo

291 630 513 668 terrarum
552 621 679 678 orbe,
715 623 795 685 qui
827 621 930 686 post
961 622 1209 669 adventum
1241 623 1435 669 Domini
1463 623 1688 678 vixerunt,
1726 624 1936 673 Primum
1961 628 2146 676 Coelum
2172 647 2282 678 con-

293 684 562 736 stitueruntz
611 687 699 736 hoc
736 688 926 735 Coelum
968 688 1071 734 ideo
1111 688 1197 734 tale
1234 700 1344 743 erat,
1384 687 1525 750 qualis
1563 688 1626 734 est
1661 690 1878 738 Mundus·
1914 692 1964 740 δε
2000 694 2196 743 Ecclefia
2237 699 2283 746 in

290 753 421 800 terris
445 769 502 799 ex
525 753 628 810 illis,
663 753 743 815 qui
775 768 867 799 non
900 752 1076 799 bonum
1112 765 1254 814 agunt
1292 752 1396 815 quia
1432 751 1495 798 est
1531 751 1722 810 bonurn,
1757 755 1829 802 sed
1853 758 1956 819 quia
1979 759 2141 808 timent
2164 762 2285 826 leges

291 831 345 864 ac
371 816 595 881 jafturam
633 816 786 873 famae,
821 817 1004 870 honoris
1040 819 1090 866 ὅτ
1131 818 1390 880 1ucri3'1qui
1423 833 1515 865 non
1545 834 1602 865 ex
1623 820 1705 866 alia
1726 821 1900 882 origihe
1923 838 2065 886 agunt
2089 827 2280 885 bonurn,

294 882 361 929 illi
396 899 487 931 non
526 884 690 932 timent
732 884 889 931 Deum
929 882 1000 931 sed
1039 884 1263 941 homines,
1310 898 1391 931 nec
1430 883 1763 932 Conscientiam
1802 887 1976 935 habent.
2021 892 2097 940 ⁷In
2134 895 2286 956 primo

292 949 450 1006 Coelo,
491 950 618 1014 quod
643 967 671 998 a
688 948 990 1007 Reformatis,
1017 951 1163 998 multa
1194 966 1292 1014 pars
1320 961 1432 1008 erat,
1465 953 1548 1014 qui
1571 951 1853 1000 crediderunt
1875 953 2028 1002 saivari
2051 957 2286 1008 hominem

293 1029 375 1079 per
409 1014 548 1065 solam
588 1017 750 1074 fidem,
801 1016 852 1064 &
886 1032 977 1064 non
1015 1017 1154 1064 vitam
1193 1017 1315 1074 fidei,
1350 1032 1457 1080 quae
1494 1016 1557 1063 est
1592 1017 1795 1074 charitas,
1832 1021 2073 1077 vixerunt·,
2121 1027 2169 1072 δι
2204 1027 2285 1088 qui,

290 1095 560 1131 amaverunt
596 1083 794 1131 multum
831 1082 888 1130 ab
932 1083 1192 1131 hominibus
1229 1084 1390 1131 videri.
1459 1084 1690 1130 Omnibus
1736 1085 1837 1140 illis,
1886 1086 1999 1133 dum
2046 1090 2284 1140 consociati

290 1159 436 1206 erant,
471 1150 681 1199 interiora
711 1147 858 1197 clausa-
892 1147 1074 1198 fuerunt
1110 1161 1164 1196 ut
1200 1165 1290 1196 non
1329 1152 1570 1212 patuerint,
1616 1148 1687 1196 sed
1705 1151 2031 1218 ‚aperiebantur
2068 1170 2180 1202 cum·
2215 1158 2283 1204 in-

291 1211 424 1261 staret
451 1216 684 1263 Uitimum
709 1214 1049 1277 Judicium‚'&
1079 1228 1188 1262 tunc
1221 1226 1506 1278 compertum
1542 1213 1622 1270 est,
1657 1216 1784 1277 quod
1822 1217 1942 1263 intus
1978 1219 2284 1269 obsiderentur

287 1279 349 1326 ab
385 1284 536 1330 omnis
570 1283 744 1345 generis
783 1282 912 1328 malis
953 1282 1004 1328 &
1036 1279 1168 1337 falsis,
1205 1283 1259 1328 &v
1288 1281 1412 1343 quod
1453 1291 1610 1326 contra
1630 1281 1855 1328 Divinum
1890 1283 2039 1339 effent,
2075 1286 2124 1332 &
2157 1290 2283 1349 quod

288 1345 519 1394 a6bualiter
544 1349 590 1394 in
613 1346 823 1394 Inferno:
860 1362 964 1394 nam
990 1345 1288 1409 unusquisque
1311 1345 1410 1407 post
1436 1353 1641 1392 mortem*
1652 1344 1799 1393 stasim
1823 1347 2030 1409 alligatur-
2052 1350 2286 1411 similibus,

291 1410 401 1458 boni
434 1411 655 1460 similibus
689 1413 734 1459 in
758 1413 914 1468 coeio,
952 1412 1058 1458 mali
1094 1423 1243 1462 autem
1280 1410 1497 1457 similibus
1535 1412 1581 1457 in
1616 1409 1816 1468 Inferno,
1850 1412 1924 1459 sed
1964 1429 2054 1462 non
2094 1419 2285 1467 veniunt

289 1476 350 1524 ad
378 1476 497 1535 illos,
533 1477 790 1543 priusquam
813 1479 1019 1525 interiora
1043 1488 1337 1541 reteguntur;
1375 1475 1540 1524 interea
1575 1476 1821 1526 consociari
1849 1479 2028 1542 pofl‘unt
2066 1482 2174 1540 illis,
2203 1488 2283 1548 qui

287 1544 354 1590 eis
376 1543 542 1592 slmiles
563 1545 663 1592 sunt
686 1547 731 1591 in
755 1545 961 1592 externis.
1031 1544 1120 1591 Sed
1158 1543 1386 1590 sciendum
1425 1542 1506 1599 est,
1540 1543 1667 1605 quod
1689 1560 1846 1591 omnes
1869 1548 1948 1607 qui
1971 1547 2153 1596 interius
2178 1550 2284 1600 boni

291 1606 491 1667 fuerunt,
526 1611 589 1657 ita
611 1613 692 1673 qui
716 1610 978 1672 spirituales,
1013 1608 1069 1656 ab
1091 1609 1178 1655 illis
1201 1606 1383 1670 separati·
1403 1608 1503 1663 fint,
1527 1608 1578 1654 δε
1598 1609 1756 1655 elevati
1780 1610 1824 1654 in
1849 1610 2019 1657 coelum
2033 1635 2048 1666 ;
2083 1615 2133 1660 δε
2155 1619 2281 1677 quod

286 1689 466 1732 omnm,
502 1676 582 1738 qui
608 1691 697 1722 non
734 1675 877 1721 modo
908 1675 1092 1721 interius
1127 1673 1200 1720 sed
1224 1674 1358 1720 etiam
1382 1672 1574 1720 exterius
1600 1672 1703 1719 mali
1726 1671 1925 1730 fuerunt,
1959 1677 2104 1724 etiam·
2116 1679 2171 1725 ab
2194 1682 2282 1730 illis

288 1738 471 1804 separati
495 1741 596 1797 sint,
630 1741 680 1788 ὅτ
704 1737 901 1803 conjed’ci
917 1740 963 1786 in
986 1738 1247 1794 Infernum·,
1279 1739 1328 1786 &
1352 1738 1438 1786 hoc
1461 1753 1486 1784 a
1508 1739 1660 1800 primo
1682 1750 1887 1801 tempore
1907 1741 2007 1803 post·
2029 1743 2279 1795 adventum

287 1806 483 1854 Domini
507 1805 644 1869 usque
666 1805 723 1853 ad
745 1806 983 1861 ultimum,
1017 1805 1201 1869 quando
1223 1804 1494 1865 Judicium·,
1529 1819 1580 1850 ac
1602 1803 1742 1851 reliffi
1765 1804 1928 1863 solum,
1964 1821 2016 1855 ut
2052 1809 2280 1860 societates

283 1873 404 1919 inter
436 1874 478 1920 se
508 1871 770 1929 formarent,
803 1886 860 1919 ex
881 1870 1048 1934 quibus
1067 1871 1278 1935 primum.
1295 1870 1505 1926 Coelum,
1539 1871 1625 1932 qui
1642 1870 1748 1917 tales
1770 1869 1953 1919 fuerunt
1973 1875 2279 1941 qualessupra

282 1937 495 2002 descripti
519 1937 633 1986 sunt.

357 2021 433 2067 70.
456 2004 614 2067 *Qod
639 2003 745 2051 tales
769 2002 1009 2051 Societates
1030 2001 1227 2049 toleratae
1247 2001 1353 2056 sint,
1383 2000 1456 2048 seu
1494 2001 1600 2048 tales
1634 2001 1775 2056 Coefi,
1811 2001 1912 2049 sunt
1933 2004 2081 2065 plures
2104 2009 2276 2065 causae;

287 2071 498 2133 primaria
531 2070 616 2127 est,
658 2070 783 2134 quod
825 2084 903 2132 per-
942 2081 1178 2116 externum
1218 2066 1438 2122 sardum,
1483 2068 1531 2114 &
1571 2083 1652 2130 per
1687 2079 1922 2114 externum
1964 2070 2182 2119 fincerum
2223 2076 2274 2122 δε

279 2135 473 2200 justum,
510 2135 738 2196 conjunc'ki
771 2133 937 2182 fuerint
973 2151 1081 2181 cum
1121 2132 1399 2197 fimplicibus
1434 2132 1563 2179 bonis
1603 2134 1684 2195 qui
1716 2134 1762 2180 in
1799 2133 1984 2180 Ultimo
2022 2138 2176 2193 coelo,
2223 2141 2305 2187 δι’

279 2203 367 2267 qui
406 2202 553 2250 adhuc
592 2205 639 2249 in
673 2202 860 2249 Mundo
895 2200 1134 2264 spirituum
1170 2200 1222 2247 ὅτ
1253 2198 1461 2246 nondum
1497 2199 1740 2246 introdusti
1772 2199 1818 2244 in
1850 2199 2024 2247 eoelum
2059 2201 2274 2263 fuerunt3

215 2278 219 2285 '
288 2285 396 2316 nam
418 2271 462 2315 in
488 2269 674 2316 Mundo
696 2267 910 2332 spirituali
933 2267 1291 2314 communicatio
1313 2265 1524 2312 omnium
1545 2264 1608 2311 est
1640 2265 1694 2312 δε
1726 2265 1830 2311 inde
1869 2263 2130 2328 conjunffio
2166 2286 2278 2319 cum

282 2335 520 2390 fimilibus‚
555 2350 605 2381 ac
628 2334 851 2396 fimplices
876 2333 983 2379 boni
1003 2333 1083 2395 qui
1107 2333 1153 2378 in
1178 2332 1343 2378 ultimo
1366 2331 1490 2377 Coeli
1513 2330 1628 2385 sunt,
1663 2331 1712 2377 ὅτ,
1751 2331 1830 2391 qui
1870 2331 1916 2377 in
1939 2333 2127 2382 Mundo
2150 2337 2275 2399 spiri·

284 2413 438 2457 tuum,
476 2399 673 2462 speetant
703 2398 930 2461 imprimis
951 2398 1017 2446 ,ad
1046 2408 1245 2452 externa,
1281 2395 1355 2443 sed
1379 2395 1517 2457 usque
1541 2411 1632 2442 non
1653 2396 1835 2442 interius
1859 2397 1963 2443 mali
1986 2397 2104 2456 sunt,
2137 2417 2275 2464 quare

284 2467 318 2515 fi
353 2467 409 2515 ab
449 2466 533 2512 illis
574 2463 890 2512 divellerentur
927 2475 1028 2510 ante
1067 2474 1248 2525 tempus
1284 2461 1586 2526 praestitutum
1625 2473 1849 2524 pateretur
1870 2463 2062 2511 Coelurn
2101 2466 2147 2513 in
2187 2467 2274 2516 suis

282 2533 476 2589 ·ultimiS‚
513 2533 557 2579 ἃ
602 2544 753 2578 tamen
792 2530 1007 2577 ultimum
1047 2528 1110 2575 est
1149 2529 1278 2591 super
1314 2543 1409 2590 quo
1447 2526 1645 2590 superius
1667 2527 1857 2574 Coelum
1894 2528 2006 2576 ficut
2038 2529 2168 2594 super
2199 2532 2276 2588 sua

286 2600 374 2647 basi
398 2597 600 2646 subsistit.
670 2596 816 2661 Qod
855 2595 930 2642 illa
966 2594 1093 2643 causa
1131 2593 1283 2650 fuerit,
1317 2592 1440 2655 quod
1480 2593 1654 2658 tolerati
1691 2592 1776 2639 fint
1810 2591 1946 2656 usque
1975 2595 2031 2642 ad
2055 2599 2270 2646 ultimum

283 2676 483 2729 tempus,
519 2665 653 2711 docet
673 2664 905 2710 Dominus
939 2662 1006 2709 his
1030 2660 1196 2717 verbis,
1232 2664 1267 2687 “
1290 2658 1538 2707 Accedentes
1549 2660 1675 2721 servi
1699 2660 1849 2706 Patris
1857 2660 2056 2720 familias
2076 2664 2270 2711 dixerunt

283 2736 337 2786 ei,
373 2748 502 2778 nonne
531 2732 679 2778 bonum
708 2731 850 2793 semen
875 2727 1090 2791 seminasti
1122 2729 1169 2773 in
1205 2741 1310 2788 agro
1349 2735 1438 2782 tue,
1473 2724 1580 2772 unde
1603 2740 1699 2787 ergo
1712 2724 1817 2787 sunt
1840 2728 2040 2784 zizania,
2076 2729 2132 2776 fs?
2151 2728 2267 2776 dixe·

279 2809 403 2852 runt,
454 2799 525 2844 vis
566 2813 662 2858 ergo
700 2798 895 2842 abeamus
932 2796 1001 2843 69³·
1025 2793 1264 2855 collzgamus
1300 2808 1384 2847 ea·,
1432 2801 1481 2838 at
1517 2790 1588 2837 ille
1625 2792 1752 2847 dixit,
1804 2807 1899 2847 non,
1951 2809 2001 2839 ne
2044 2794 2264 2854 colligendo

285 2864 467 2907 zizania
506 2864 722 2909 eradicetis
748 2861 880 2919 stmul
914 2877 1004 2908 cum
1043 2863 1099 2906 eis
1135 2861 1326 2905 triticum
1345 2879 1359 2913 ·‚
1378 2857 1511 2915 sinite
1548 2859 1690 2920 itaque
1728 2867 1907 2921 utraque
1930 2858 2063 2914 stmul
2090 2861 2265 2920 crescere

283 2926 407 2989 usque
445 2927 503 2972 ad
538 2928 705 2989 mqffem,
741 2928 795 2976 ξεῖ
834 2937 1014 2988 tempore
1048 2924 1171 2985 mcffs
1204 2925 1340 2972 dicam
1378 2922 1628 2987 mgfforffius,
1662 2923 1841 2984 collegite
1863 2926 2039 2984 primum
2062 2925 2262 2980 zizania,
2291 2981 2297 2986 ‚

284 2994 340 3042 ὃ
375 2992 506 3053 ligate
544 3007 592 3035 ea
633 2995 677 3036 in
704 2992 928 3053 fasciculos
964 2993 1024 3040 ad
1058 2991 1405 3044 comburendum3
1442 2991 1633 3036 triticum
1670 3004 1770 3035 vero
1805 2988 1983 3048 colligite
2016 2990 2062 3034 in
2095 2989 2260 3037 horrea.

282 3060 374 3123 Qi
397 3058 633 3121 seminavit
671 3057 818 3102 bonum
846 3059 985 3119 semen
1022 3058 1075 3115 est
1098 3057 1232 3107 Filius
1255 3057 1464 3111 hominis;
1499 3060 1617 3117 Ager
1635 3055 1687 3114 qst
1714 3053 1919 3107 mundus;
1953 3054 2093 3100 Semen
2114 3055 2262 3104 bonum

541 3136 572 3184 3
2159 3122 2268 3184 sunt
