2502 3432
235 201 315 248 10
537 176 691 240 DE
767 171 1283 242 υιΤιΜο
1363 175 1914 265 Juniclo

225 303 485 369 Qomodo
521 300 867 366 unumquodvis
907 302 952 351 in
993 314 1149 353 natura
1183 302 1348 368 spefilzat
1372 305 1610 354 Infinitum
1644 308 1694 356 &
1717 308 1984 371 AEternum,
2021 313 2236 366 inservias

230 370 508 422 illustrationi
549 371 648 418 leve
687 368 923 432 quoddam
963 383 1320 434 argumentum,
1353 373 1591 435 quodlibet
1632 374 1798 433 semen,
1834 377 1925 426 five
1966 379 2020 428 fit
2058 379 2234 432 frustm

234 439 417 495 arboris,
455 436 545 483 five
580 437 746 492 meffis,
778 434 870 483 five
893 435 1032 494 floris,
1067 439 1130 484 ita
1151 450 1352 486 creatum
1374 437 1455 495 est,
1492 453 1541 486 ut
1575 442 1865 505 multiplicari
1898 448 2032 509 poffit
2055 447 2102 495 in
2130 449 2234 496 infi-

238 509 406 561 nitum,
438 504 490 551 ὅτ
514 502 673 550 durare
698 502 746 549 in
768 514 1026 558 aeternum·,
1061 519 1117 551 ex
1157 520 1250 553 uno
1285 505 1407 552 enim
1442 505 1605 554 semine
1638 509 1878 558 nascuntur
1916 512 2062 575 plura,
2098 513 2238 579 usquo

235 573 293 619 ad
320 588 364 634 5.
390 587 465 619 10.
485 585 563 618 20.
589 583 718 625 10⁰³
750 580 810 615 'ex
848 567 1034 632 singulis
1075 570 1141 618 his
1179 572 1314 619 etiam
1352 572 1563 628 totidem,
1601 575 1699 622 talis
1736 574 2026 627 fruerificat-io
2055 596 2111 628 ex
2146 595 2240 629 uno

235 638 404 686 semine
426 635 637 688 continue
661 633 857 698 perstans
890 636 1032 683 modo
1065 637 1180 685 intra
1209 650 1394 686 centum
1432 654 1572 686 annos
1595 641 1736 703 posset
1760 644 1950 707 implere
1974 662 2067 693 non
2091 646 2238 696 solum

237 707 371 752 unius
393 702 564 750 telluris
588 700 884 764 superficiem,
921 703 995 749 secl
1019 703 1154 751 etiam
1178 703 1432 767 superficies
1454 704 1670 753 tel-lurum
1705 708 1845 771 usque
1883 711 1940 758 ad
1981 714 2237 774 myriades:

236 771 396 818 eadem
435 769 572 815 etiam
609 769 669 813 ita
703 778 847 813 creata
884 766 1002 823 sunt,
1038 782 1091 815 ut
1122 769 1376 816 durationes
1408 783 1569 815 eorum
1604 772 1685 816 sint
1720 783 1934 821 aeternae:
1972 777 2076 822 inde
2098 788 2241 841 patet,

236 834 476 900 quomodo
498 835 543 879 in
569 832 634 879 his
658 831 721 878 est
743 831 840 878 idea
863 831 1028 880 infiniti
1051 834 1099 880 δε
1125 835 1306 882 aeterni:
1345 833 1542 881 similiter
1572 835 1618 882 in
1656 836 1849 900 reliquis.
1921 840 2112 890 Coelum
2136 845 2238 891 An-

240 903 442 965 gelicum
463 899 543 954 est,
579 908 764 961 propter
786 898 912 960 quod
936 901 1091 946 omnia
1122 900 1168 946 in
1191 897 1420 948 Universo
1459 913 1602 949 creata
1637 901 1753 959 sunt,
1789 920 1895 951 nam
1921 907 2113 955 Coelum
2137 910 2239 957 An-

239 969 442 1030 gelicum
482 964 546 1012 est
584 964 690 1011 finis
728 971 914 1027 propter
954 966 1081 1028 quod
1116 966 1274 1015 Genus
1310 966 1583 1027 humanum,
1619 971 1668 1016 δε
1692 969 1850 1018 Genus
1887 971 2138 1021 humanum
2177 976 2243 1023 est

241 1035 345 1081 finis
380 1043 568 1096 propter
601 1030 730 1093 quod
765 1030 941 1080 coelum
973 1030 1249 1096 aspeQabile,
1283 1034 1331 1080 δε
1357 1033 1464 1079 inibi
1490 1033 1702 1092 tellures3
1737 1050 2014 1101 quapropter
2036 1040 2084 1086 id
2107 1041 2243 1105 Opus

239 1100 491 1155 Divinum,
526 1112 691 1160 nempe
726 1096 916 1147 Coelum
941 1099 1241 1162 Angelicum‚
1278 1100 1493 1162 primario
1533 1098 1698 1164 spestat
1727 1103 1976 1151 ‚Infinitum
2013 1106 2064 1151 &
2087 1107 2245 1155 AEter-

242 1181 375 1222 num,
410 1163 604 1229 proinde
640 1161 1064 1226 multiplicationem
1102 1165 1197 1228 ejus
1233 1165 1395 1228 absque
1435 1165 1543 1222 fine,
1579 1183 1684 1214 nam
1722 1168 1785 1215 ibi
1820 1167 1974 1232 Ipsum
2011 1171 2240 1221 Divinum

243 1231 444 1280 habitat:
481 1229 588 1278 inde
610 1244 795 1294 quoque
816 1229 1015 1278 constare
1037 1231 1199 1295 potest,
1234 1232 1359 1295 quod
1384 1232 1542 1279 Genus
1566 1234 1842 1296 Humanum
1877 1234 2097 1300 nusquam
2129 1237 2243 1297 defi-

244 1310 405 1360 turum
431 1296 520 1352 fit,
557 1311 665 1344 nam
688 1295 720 1342 fi
745 1295 978 1354 delineret,
1015 1297 1220 1347 finiretur
1246 1299 1379 1361 Opus
1400 1298 1626 1347 Divinum
1659 1315 1740 1364 per
1771 1312 1946 1360 certum
1978 1318 2243 1363 numerum,

244 1365 299 1426 ὃς
315 1363 379 1412 ῖίἓ
395 1363 569 1431 ‘periret
591 1361 813 1434 respestus
835 1362 1016 1423 infiniti.

290 1542 525 1654 Qod
568 1541 872 1621 Coelum
932 1542 1015 1621 ἃ
1073 1537 1453 1620 Infemum
1513 1540 1649 1620 fint
1707 1571 1804 1623 ex
1852 1545 2210 1627 Humano

1089 1653 1400 1731 Genere.
1714 1686 1717 1689 ’

260 1847 333 1895 ¹4·
413 1830 462 1879 N
486 1829 741 1878 Christiano
758 1828 885 1877 Orbe
908 1827 1086 1893 pror-sus
1110 1828 1318 1886 nescitur,
1353 1830 1479 1893 quod
1505 1830 1695 1879 Coelum
1720 1830 1772 1880 &
1793 1831 2027 1883 Infernum
2066 1837 2153 1886 fint
2189 1851 2248 1886 ex

446 1897 672 1945 Humano
709 1897 919 1951 Genere;
969 1896 1166 1944 creditur
1204 1897 1346 1953 enim,
1380 1898 1507 1958 quod
1545 1897 1717 1959 Angeli
1754 1897 1924 1946 fuerint
1962 1916 1989 1946 a
2026 1905 2251 1968 principio

255 1965 404 2020 creati,
440 1964 489 2010 &
512 1963 639 2026 quod
670 1962 775 2009 inde
798 1962 988 2009 Coelum
1007 1985 1024 2018 ς
1058 1977 1108 2009 ac
1136 1961 1262 2025 quod
1287 1961 1509 2009 Diabolus
1532 1960 1605 2009 seu
1628 1963 1807 2011 Satanas
1839 1963 1974 2013 fuerit
2011 1968 2126 2016 lucis
2147 1973 2250 2018 Ana

256 2030 401 2093 gelus,
439 2027 513 2075 sed
547 2029 653 2093 quia
691 2028 866 2076 rebellis
906 2026 1050 2075 &Cius
1084 2026 1165 2084 est,
1200 2043 1307 2074 cum
1344 2027 1478 2074 turba·
1498 2028 1572 2075 sua
1594 2027 1792 2090 dejestus
1815 2030 1884 2087 fit,
1920 2034 1969 2079 &
1991 2035 2118 2096 quod
2143 2037 2250 2084 inde

257 2094 504 2143 infernum.
579 2095 726 2159 Qod
766 2094 864 2142 talis
900 2094 1013 2141 fides
1046 2095 1093 2141 in
1118 2094 1370 2141 Christiano
1394 2093 1519 2140 Orbe
1558 2093 1628 2150 fit,
1665 2096 1884 2142 mirantur
1906 2099 2078 2161 Angeli
2111 2112 2250 2163 quam

245 2163 473 2216 maxime,
509 2163 557 2210 δε
580 2162 732 2208 adhuc
751 2162 913 2224 magiS,
948 2161 1074 2223 quod
1098 2159 1281 2222 prorsus
1304 2158 1413 2206 nihil
1431 2159 1575 2216 *sciant
1597 2161 1654 2206 de
1677 2161 1834 2217 Coelo,
1868 2178 1976 2209 cum
2011 2176 2161 2213 tamen
2202 2168 2251 2215 id

259 2227 322 2275 est
362 2228 626 2291 primarium
662 2228 883 2274 doetrinae
916 2228 961 2273 in
985 2226 1218 2282 Ecclefia,
1254 2227 1305 2273 ὅτ
1339 2226 1446 2289 quia
1479 2226 1577 2273 talis
1618 2228 1870 2287 ignorantia
1907 2242 2080 2292 regnat,
2116 2234 2253 2281 corde

260 2294 401 2357 gavisi
442 2292 558 2350 sunt,
593 2294 719 2356 quod
760 2293 975 2356 placuerit
1014 2293 1221 2340 Domino
1263 2307 1384 2338 nunc
1420 2291 1610 2339 revelare
1642 2291 1730 2339 illis
1768 2294 1898 2355 plura
1935 2296 1992 2342 de
2028 2297 2168 2345 Coelo
2200 2299 2251 2347 &5

262 2375 446 2423 quoque
484 2360 540 2406 de
576 2358 792 2414 Infern03
839 2359 887 2405 δι
926 2373 1007 2420 per
1044 2359 1109 2414 id,
1145 2370 1368 2420 quantum
1410 2357 1612 2420 poffibile
1649 2357 1731 2414 est,
1779 2359 1996 2408 discutere
2035 2365 2252 2423 tenebras,

261 2440 369 2489 quae
407 2425 547 2471 indies
583 2423 848 2478 increscunt,
883 2424 989 2486 quia
1012 2423 1208 2470 Ecclesia
1231 2423 1288 2469 ad
1311 2422 1440 2469 suum
1471 2423 1610 2470 finem
1648 2426 1880 2487 pervenit:
1917 2441 2052 2489 quare
2075 2429 2255 2488 volunt,

265 2503 317 2539 ut
352 2507 409 2538 ex
448 2507 524 2538 ore
561 2491 744 2537 illorum
777 2490 1032 2546 asseverem,
1066 2489 1192 2553 quod
1231 2489 1276 2535 in
1298 2488 1524 2535 Universo
1547 2490 1685 2537 Coelo
1707 2505 1798 2536 non
1822 2491 1875 2538 fit
1909 2508 2026 2540 unus
2049 2495 2257 2558 Angelus

263 2559 343 2621 qui
367 2574 390 2604 a
414 2557 636 2620 principio
658 2568 828 2602 creatus
851 2555 933 2612 est,
966 2570 1049 2602 nec
1089 2556 1133 2601 in
1158 2552 1341 2602 Inferno
1377 2554 1538 2616 aliquis
1560 2554 1785 2602 Diabolus
1822 2557 1902 2619 qui
1938 2569 2107 2607 creatus
2145 2561 2256 2610 lucis

267 2624 474 2685 Angelus
505 2624 556 2670 ὅτ.
580 2620 795 2683 dejeaus,
829 2621 903 2668 sed
926 2621 1053 2684 quod
1074 2636 1232 2668 ornnes
1255 2633 1347 2667 tam
1374 2620 1420 2666 in
1442 2619 1582 2667 Coelo
1615 2636 1755 2683 quam
1793 2623 1838 2668 in
1872 2622 2055 2671 Inferno
2086 2627 2173 2674 fine
2200 2642 2257 2675 ex
2331 2633 2336 2641 '

267 2690 492 2736 Humano
514 2689 689 2736 Genere
709 2710 725 2744 ·,
760 2689 805 2734 in
827 2688 968 2735 Coelo
1002 2687 1066 2733 illi
1103 2688 1183 2751 qui
1219 2687 1264 2732 in
1288 2685 1474 2732 Mundo
1495 2687 1541 2732 in
1564 2686 1751 2734 Coelesti
1773 2703 1926 2735 amore
1949 2691 1998 2737 &
2020 2692 2112 2739 fide
2133 2692 2257 2740 vixe-

268 2767 389 2810 runt,
426 2756 470 2802 in
494 2753 676 2802 inferno
709 2755 789 2817 qui
827 2755 873 2799 in
897 2751 1103 2801 infernali
1142 2767 1294 2799 amore
1329 2753 1377 2799 &
1412 2752 1520 2808 fide,
1556 2754 1605 2800 ὅτ.
1642 2753 1768 2816 quod
1805 2754 2042 2803 infernum
2070 2758 2115 2804 in
2158 2769 2260 2806 toto

264 2821 511 2881 complexu
545 2820 598 2867 fit
618 2821 746 2884 quod
773 2832 960 2867 vocatur
981 2819 1202 2867 Diabolus
1232 2820 1282 2866 δε
1304 2818 1501 2876 Satanas,
1537 2819 1650 2866 illud
1675 2818 1909 2868 Infernum
1933 2822 2063 2885 quod
2079 2837 2105 2868 a
2127 2834 2259 2887 tergo

265 2883 347 2940 est,
382 2885 460 2931 ubi
500 2885 600 2932 sunt
638 2888 726 2949 qui
753 2899 975 2934 vocantur
1013 2885 1118 2933 mali
1160 2885 1312 2941 Genii,
1357 2885 1598 2942 Diabolu5‚
1632 2886 1678 2932 &
1721 2885 1834 2933 illud
1863 2886 2097 2938 Inseroum
2129 2892 2257 2952 quod

264 2952 458 2996 anterius
497 2949 576 3005 est,
612 2953 690 2997 ubi
714 2952 813 2999 sunt
836 2953 916 3016 qui
941 2964 1159 2999 vocantur
1185 2952 1291 2998 mali
1315 2951 1525 3014 Spiritus,
1571 2955 1744 3000 Satanas
1771 2954 1861 3014 (c).
1931 2952 2078 3014 Qale
2109 2969 2256 3005 unum

262 3013 515 3071 Infernum,
549 3015 598 3061 &
625 3018 757 3077 quale
793 3018 1002 3074 alterum,
1036 3019 1242 3066 videatur
1285 3018 1331 3063 in
1369 3019 1520 3081 Opere
1563 3018 1622 3065 de
1661 3017 1799 3066 Coelo
1835 3018 1888 3066 &
1918 3017 2103 3065 Inferno
2140 3024 2257 3071 circa

264 3081 420 3129 finem.
492 3081 637 3142 Quod
665 3082 803 3128 Orbis
827 3083 1099 3130 Christianus
1135 3083 1270 3130 talem
1306 3083 1445 3129 fidem
1483 3083 1540 3129 de
1574 3083 1660 3129 illis
1694 3084 1740 3129 in
1764 3083 1900 3129 Coelo
1923 3085 1971 3130 δε
2004 3084 2060 3131 de
2093 3085 2178 3134 illis
2211 3091 2258 3137 in

263 3146 449 3197 Inferno
480 3147 667 3210 ceperit,
702 3145 913 3194 dicebant
938 3149 1125 3209 Angeli,
1158 3148 1286 3211 quod
1325 3148 1379 3194 sit
1409 3163 1464 3194 ex
1499 3148 1722 3210 aliquibus
1759 3146 1870 3196 locis
1909 3149 1959 3196 inr
1978 3149 2133 3198 Verbo
2165 3163 2259 3202 non

2026 3218 2260 3269 intellectis
