2502 3432
223 218 382 277 ‘24
603 191 753 256 DE
833 190 1951 284 ULTlMoJUmclo

294 325 381 370 ritu
406 320 554 377 vivit3
604 335 707 368 nam
747 318 795 367 id
827 318 971 370 solum
1010 333 1162 369 manet
1202 323 1245 368 in
1284 321 1434 384 spiritu
1470 324 1682 379 hominis,
1718 324 1842 386 quod
1882 325 2062 371 intravit
2103 326 2147 372 in
2183 325 2278 389 ejus

295 389 576 450 voluntatem
600 386 671 434 seu
697 401 918 444 amorem,
953 400 1004 434 ut
1027 403 1136 434 mox
1161 385 1286 450 supra
1308 390 1479 435 dictum
1506 389 1582 444 est,
1621 404 1776 436 caetera
1802 389 1897 451 post
1923 403 2116 437 mortem
2154 392 2275 454 spec-

296 449 595 518 tanturss‘aficut
634 453 789 509 aliena,
824 469 930 517 quae
966 454 1073 516 quia
1108 469 1196 500 non
1230 455 1392 501 amoris
1415 454 1509 517 ejus
1536 455 1649 509 sunt,
1685 453 1803 518 ejicit
1830 456 1986 509 domo,
2023 457 2070 503 δε
2096 473 2281 520 quoque

296 519 536 567 aversatur.
607 518 714 567 Alia
751 533 817 566 res
852 518 931 575 est,
967 519 999 566 si
1035 519 1176 567 homo
1214 519 1470 567 doctrinalia
1499 521 1724 577 Ecclefiae,
1760 537 1865 584 quae
1898 537 1953 567 ex
1976 522 2128 568 Verbo
2164 523 2279 579 sunt,

298 583 390 634 non
428 585 571 640 modo
603 586 762 640 credit,
799 583 869 632 sed
895 585 1026 632 etiam
1053 586 1152 632 vult
1175 585 1246 639 illa
1268 587 1315 633 ὅτ
1344 584 1445 633 facit
1466 587 1553 645 ilia,
1590 599 1698 634 tunc
1720 587 1970 642 ‚figi-ide&
2009 588 2117 634 fides
2157 592 2279 635 enim

1562 640 1623 645 .--r
1647 637 1718 643 ψ’,

297 652 360 700 est
399 651 578 710 affectio
602 652 703 712 veri
733 667 790 697 ex
822 651 929 698 velle
952 651 1549 764 veru'm‘QssXe‘Qn’
1588 668 1688 698 nam
1724 652 1836 698 velle
1878 669 2035 700 verum
2076 654 2282 716 quia-est
2340 674 2346 678 ·

300 734 459 765 verum
494 734 519 764 e
548 706 739 781 ‘ipsum
772 716 992 780 spirituale
1017 718 1230 774 hominis,
1265 734 1288 764 e
1350 719 1470 765 enim
1497 718 1761 764 abstractum
1787 734 1812 763 a
1832 722 2034 775 naturali,
2071 720 2195 781 quod
2219 720 2282 766 est

301 783 418 831 velle
440 799 600 831 verum
625 797 716 830 non
740 795 922 846 propter
940 799 1117 838 verum,
1154 782 1223 829 sed
1243 797 1425 846 propter
1443 782 1506 830 sui
1530 784 1739 846 gloriam,
1775 782 1961 836 famam,
1998 787 2041 831 &
2071 787 2246 832 lucrum
2267 808 2282 839 ;

299 864 459 897 verum
483 846 605 895 enim
629 847 839 895 abstracte
863 865 887 895 a
909 849 1071 896 talibus
1097 847 1341 911 specstatum
1364 849 1426 896 est
1451 849 1686 913 spirituale,
1717 851 1825 911 'quia
1848 850 1891 894 in
1918 848 1990 896 sua
2019 851 2192 899 essentia
2220 852 2283 898 est

300 916 557 972 Divinum3
593 930 726 978 quare
750 914 861 962 velle
885 930 1044 962 verum
1080 916 1186 977 quia
1222 915 1286 962 est
1308 931 1483 972 verum,
1519 915 1579 962 est
1603 930 1785 977 quoque
1809 915 2041 977 agnoscere
2067 919 2111 963 &
2138 917 2286 964 amai-e

299 982 525 1028 Divinum
550 1002 564 1035 3
597 981 692 1027 duo
715 980 789 1027 illa
811 979 987 1044 prorsus
1010 979 1247 1046 conjuncta
1270 981 1386 1038 sunt,
1421 982 1469 1028 &
1493 996 1675 1044 quoque
1701 979 1948 1043 spectantur
1980 994 2031 1027 ut
2068 998 2210 1030 unum
2237 985 2283 1030 in

302 1048 458 1104 Coelo,
491 1047 716 1094 Divinum
741 1047 862 1094 enim
886 1047 1011 1110 quod
1037 1047 1239 1110 procedit
1263 1064 1286 1094 a
1305 1048 1512 1094 Domino
1535 1050 1580 1093 in
1605 1045 1742 1094 Coelo
1765 1046 1826 1092 est
1851 1048 2074 1093 Divinum
2091 1049 2283 1106 Verum,

302 1114 507 1160 videatur
545 1113 589 1160 in
626 1114 778 1175 Opere
816 1112 873 1160 de
905 1112 1043 1160 Coelo
1078 1114 1126 1160 δι
1161 1114 1356 1168 Inferno,
1393 1129 1454 1159 n:
1489 1118 1592 1161 128.
1620 1128 1724 1176 ¹29·
1748 1129 1850 1175 130.
1874 1126 1977 1173 131.
2002 1125 2109 1175 132,
2147 1115 2196 1161 &
2220 1115 2284 1161 illi

303 1178 405 1227 sunt
428 1178 597 1242 Angeli
637 1180 684 1226 in
707 1179 872 1235 Coelis,
906 1180 987 1242 qui
1019 1180 1239 1243 recipiunt
1274 1179 1405 1235 illud,
1442 1181 1488 1226 δι
1514 1177 1684 1226 faciunt
1707 1177 1796 1224 suae
1821 1178 1941 1224 vitae.
2014 1179 2135 1225 Haec
2169 1180 2287 1228 dicta

302 1245 422 1301 sunt,
460 1258 512 1292 ut
535 1244 695 1296 sciatur
732 1245 859 1308 quod
884 1244 994 1291 fides
1016 1261 1106 1292 non
1131 1245 1183 1292 fit
1209 1244 1351 1292 solum
1377 1244 1570 1300 credere,
1595 1244 1665 1291 sed
1688 1244 1803 1290 velle
1825 1245 1874 1290 δε
1898 1242 2054 1298 facere,
2097 1247 2286 1307 proinde

302 1312 426 1374 quod
453 1312 573 1358 nulla
595 1311 705 1358 fides
726 1311 780 1357 fit
803 1311 835 1358 fi
858 1325 949 1357 non
972 1311 1188 1365 charitas;
1224 1311 1414 1356 charitas
1437 1309 1507 1355 seu
1531 1325 1667 1369 amor
1680 1309 1742 1355 est
1730 1309 2131 1369 chre.

375 1393 451 1441 37.
490 1378 634 1435 Quod
672 1376 806 1424 hodie
844 1377 958 1422 intra
992 1375 1238 1422 Ecclesiam
1281 1387 1374 1420 tam
1415 1389 1508 1421 rara
1553 1375 1663 1421 fides
1704 1374 1773 1430 fit,
1820 1386 1870 1420 ut
1911 1376 1988 1421 vix
2030 1375 2119 1421 dici
2152 1389 2287 1439 queat

301 1443 464 1505 aliqua,
516 1442 661 1506 patuit
700 1457 724 1487 a
769 1441 925 1488 multis
964 1452 1056 1487 tam
1082 1440 1248 1490 ‚doctis
1287 1455 1426 1502 quam
1467 1440 1759 1502 fimplicibuS,
1806 1441 1902 1501 qui,
1954 1440 2054 1502 post
2094 1455 2288 1490 mortem

301 1507 479 1571 spiritus
511 1507 731 1571 explorati
762 1521 854 1569 qua
888 1506 978 1553 fide
1011 1503 1194 1552 fuerunt
1228 1506 1273 1552 in
1299 1505 1489 1561 mundo,
1525 1506 1572 1552 &
1598 1517 1883 1567 compertum
1914 1506 1976 1552 est
2005 1507 2131 1570 quod
2155 1508 2289 1554 unus-

301 1573 489 1638 quisque
524 1575 826 1621 autumaverit
871 1571 1010 1619 fidem
1046 1571 1128 1618 effe
1161 1570 1308 1618 solum
1344 1572 1520 1618 credere
1561 1572 1609 1618 &
1648 1571 1727 1617 fibi
1761 1570 2016 1633 persuadere
2066 1574 2192 1635 quod
2227 1576 2288 1621 ita

303 1641 388 1695 fit;
425 1642 474 1687 δε
498 1639 719 1686 doctiores
742 1638 826 1684 effe
851 1636 995 1684 solum
1030 1652 1086 1682 ex
1117 1636 1283 1681 fiducia
1316 1635 1386 1682 seu
1411 1636 1683 1682 confidentia
1707 1637 1884 1681 credere
1907 1638 2029 1697 quod
2066 1639 2290 1685 salventur

224 1707 229 1708 ⁷
305 1720 388 1770 per
411 1705 659 1751 Paffionem
685 1703 878 1749 Domini
902 1703 951 1749 δι’.
975 1702 1331 1748 Interceffionem
1359 1700 1526 1763 Ipfius;
1574 1701 1623 1746 &
1647 1700 1770 1762 quod
1794 1702 1873 1746 vix
1901 1703 2060 1763 aliquis
2095 1705 2286 1761 noverit,

303 1770 431 1835 quod
456 1770 575 1816 nulla
597 1768 708 1814 fides
730 1767 784 1814 fit
807 1767 886 1814 nifi
925 1766 978 1812 sit
1014 1766 1198 1813 charitas
1235 1765 1306 1812 seu
1338 1781 1498 1821 amor,
1539 1765 1634 1812 imo
1670 1782 1750 1813 nec
1784 1764 2007 1814 sciverunt
2043 1768 2155 1831 quid
2186 1769 2288 1816 cha·

301 1838 406 1886 ritas
428 1851 532 1899 erga
555 1835 820 1899 proximum
842 1854 856 1887 3
899 1847 979 1878 nec
1002 1847 1107 1895 quae
1130 1830 1378 1878 differentia
1399 1831 1460 1878 est
1485 1834 1597 1879 inter
1620 1833 1814 1894 cogitare
1840 1833 1887 1879 δι
1912 1833 2056 1888 velle3
2091 1834 2291 1896 plerique

302 1919 361 1951 ex
383 1901 467 1949 illis
498 1917 523 1948 a
556 1915 686 1963 tergo
714 1897 958 1963 rejecerunt
981 1898 1257 1952 charitatem,
1300 1897 1497 1944 dicentes
1531 1898 1656 1959 quod
1687 1896 1871 1944 charitas
1897 1898 2006 1944 nihil
2031 1899 2176 1955 faciat,
2215 1900 2289 1947 sed

304 1968 449 2017 solum
475 1966 616 2014 fides:
662 1981 769 2012 cum
793 1964 969 2012 dictum
1006 1963 1068 2010 est
1110 1963 1210 2020 illis,
1244 1963 1371 2026 quod
1410 1962 1596 2009 charitas
1631 1963 1681 2009 ὅτ
1717 1962 1828 2009 fides
1867 1975 2010 2010 unum
2036 1964 2137 2021 fint,
2177 1965 2291 2013 ficut

238 2035 241 2038 ’
303 2034 515 2084 voluntas
552 2033 601 2081 δε
638 2030 901 2092 intellectus,
927 2030 986 2077 .&
1008 2029 1135 2093 quod
1157 2030 1342 2076 charitas
1377 2028 1556 2075 resideat
1592 2029 1636 2074 in
1663 2028 1890 2077 voluntate
1928 2031 1975 2076 δε
1996 2029 2186 2077 Ηάεε’ἰη
2222 2034 2288 2078 ἰη-

306 2101 502 2155 ῑεῑῑεὲὶυ,
537 2100 587 2146 &
621 2098 750 2160 quod
787 2096 976 2160 separare
1013 2111 1151 2142 unam
1185 2095 1240 2141 ab
1273 2095 1419 2150 altera,
1461 2093 1513 2140 s1t
1553 2093 1662 2140 ficut
1700 2093 1889 2156 separare
1925 2095 2205 2142 voluntatem
2235 2100 2290 2144 s&

306 2168 603 2222 intellectum,
636 2165 722 2211 hoc
746 2179 838 2210 non
871 2161 1215 2216 intellexerunt;
1257 2160 1358 2206 inde
1384 2160 1549 2223 patuit,
1579 2159 1703 2221 quod
1727 2160 1860 2207 hodie
1885 2162 1962 2206 vix
1998 2160 2144 2222 aliqua
2178 2162 2289 2209 fides

307 2233 376 2281 sit.
445 2233 556 2280 Hoc
580 2246 764 2294 quoque
799 2228 885 2276 illis
918 2228 976 2276 ad
998 2228 1159 2274 vivum
1184 2225 1406 2274 ostensum
1429 2225 1507 2281 est,
1543 2225 1725 2272 adducti
1765 2224 1865 2271 sunt
1887 2225 1966 2281 illi,
2002 2227 2080 2288 qui
2115 2227 2161 2273 in
2193 2243 2293 2290 per·

307 2299 502 2348 suasione
526 2296 708 2344 fuerunt
730 2295 854 2359 quod
879 2294 1019 2342 fidem
1043 2293 1295 2348 habuerint,
1335 2293 1390 2339 ad
1413 2292 1679 2338 Societatem
1706 2291 1969 2353 angelicam,
1995 2292 2072 2338 ubi
2095 2294 2288 2355 genuina

309 2366 422 2414 fides
440 2354 564 2420 erat,
586 2365 636 2411 ὅτ
660 2376 768 2409 tunc
802 2361 904 2408 data
937 2359 1346 2407 communicatione
1386 2357 1498 2404 clare
1537 2370 1846 2419 perceperunt,
1887 2357 2011 2420 quod
2051 2358 2137 2405 illis
2168 2359 2291 2407 nulla

309 2432 422 2478 fides
442 2452 457 2485 ς
498 2428 624 2492 quod
647 2428 751 2474 dein
773 2441 956 2489 quoque
987 2440 1142 2471 coram
1164 2423 1369 2487 pluribus
1392 2421 1484 2469 faffi
1516 2420 1646 2469 sunt:
1684 2422 1804 2469 idem
1829 2424 1962 2470 etiam
1987 2422 2208 2471 ostensum
2229 2426 2294 2472 est

277 2495 279 2497 ’
309 2498 403 2546 aliis
429 2496 576 2543 modis
598 2509 732 2557 penes
755 2492 854 2539 illos
877 2492 958 2555 qui
982 2488 1158 2554 profeffi
1181 2489 1281 2536 sunt
1313 2489 1471 2545 fidem,
1504 2489 1553 2535 &
1578 2500 1848 2550 putaverunt
1885 2489 1925 2536 se
1958 2489 2202 2546 credidifl'e,
2239 2490 2291 2538 ὅτ

312 2580 402 2613 non
427 2563 636 2609 vixerunt
660 2560 799 2607 vitam
824 2558 929 2607 fidei
962 2572 1069 2621 quae
1090 2554 1152 2602 est
1175 2555 1375 2608 charitaS,
1412 2555 1460 2601 ὅτ
1484 2554 1669 2616 quisque
1706 2570 1761 2600 ex
1793 2555 1878 2601 illis
1901 2553 2029 2602 faffus
2051 2555 2130 2612 est,
2167 2555 2292 2619 quod

312 2630 433 2679 nulla
455 2629 516 2676 eis
540 2628 652 2674 fides
687 2624 839 2680 fuerit,
877 2624 984 2687 quia
1021 2621 1130 2669 nihil
1169 2619 1264 2684 ejus
1302 2618 1388 2667 fuit
1427 2621 1472 2666 in
1497 2620 1589 2667 vita
1620 2619 1798 2684 spiritus
1834 2637 2011 2678 eorum,
2045 2620 2118 2669 sed
2149 2621 2292 2670 solum

306 2708 435 2744 extra
457 2694 578 2741 illam
603 2694 649 2739 in
670 2692 815 2754 aliqua
836 2690 1106 2753 cogitatione
1129 2703 1238 2734 cum
1262 2687 1472 2734 vixerunt
1495 2685 1540 2732 in
1565 2687 1749 2732 naturali
1774 2688 1963 2735 mundo.
2272 2718 2281 2727 ·

382 2765 460 2824 38.
495 2759 622 2813 Talis
645 2757 778 2804 status
803 2756 865 2803 est
887 2752 1102 2802 Ecclesiae
1124 2753 1274 2809 hodie,
1309 2752 1434 2816 quod
1461 2767 1625 2815 nempe
1660 2752 1722 2799 ibi
1747 2769 1835 2800 non
1862 2754 1972 2801 fides
1996 2753 2048 2801 fit
2069 2755 2172 2816 quia
2199 2768 2291 2800 non

314 2826 516 2881 charita3‚
550 2825 605 2871 ⁷&
630 2824 709 2870 ubi
732 2839 822 2870 non
847 2820 909 2868 est
931 2821 1116 2868 charitas
1142 2820 1202 2866 ibi
1223 2835 1302 2866 nec
1327 2817 1391 2865 est
1423 2817 1604 2881 aliquod
1629 2818 1802 2865 bonum
1827 2818 2066 2883 spirituale,
2093 2833 2210 2864 rnam
2244 2820 2290 2865 id

311 2892 485 2939 bonum
511 2893 640 2936 unice
662 2889 724 2935 est
746 2905 802 2935 ex
826 2889 1063 2935 charitate:
1104 2886 1278 2933 dietum
1310 2884 1371 2932 est
1404 2900 1428 2931 e
1452 2884 1603 2940 Coelo,
1643 2884 1770 2947 quod
1795 2886 1915 2949 apud
1949 2886 2118 2946 aliquos
2146 2883 2292 2931 adhuc

307 2950 370 3004 ⁴sit
393 2956 583 3008 bonum,
619 2968 662 2999 at
686 2954 812 3016 quod
839 2955 884 3000 id
910 2969 1001 3000 non
1025 2953 1114 2999 dici
1148 2965 1282 3015 queat
1317 2951 1488 2997 bonum
1514 2950 1752 3013 spirituale,
1788 2950 1859 2997 sed
1885 2951 2055 2997 bonum
2082 2950 2291 3003 naturale,

314 3039 371 3070 cx
394 3018 522 3068 causa
541 3019 644 3080 quia
668 3019 756 3079 ipsa
781 3020 947 3064 Divina
967 3020 1086 3064 Vera
1118 3019 1162 3063 in
1197 3017 1386 3064 obscuro
1426 3015 1542 3071 sunt,
1577 3017 1624 3063 &
1648 3017 1818 3063 Divina
1839 3016 1957 3062 Vera
2000 3014 2292 3062 introducunt

315 3088 372 3135 ad
407 3084 681 3138 charitatem,
717 3083 883 3128 docent
911 3085 1032 3130 enim
1057 3084 1195 3138 illam,
1234 3083 1283 3128 &
1308 3082 1502 3145 spectant
1525 3080 1644 3127 illam
1679 3095 1730 3126 ut
1747 3081 1884 3127 finem
1919 3078 1974 3125 ad
1999 3094 2155 3140 quem,
2191 3082 2294 3127 inde

312 3151 501 3203 charitas
537 3164 627 3198 non
663 3146 744 3196 alia
782 3146 961 3195 existere
996 3147 1157 3210 potest,
1194 3163 1334 3211 quam
1371 3159 1507 3210 prout
1540 3146 1639 3192 sunt
1663 3161 1764 3192 vera
1797 3160 1853 3191 ex
1887 3144 2081 3208 quibus:
2128 3147 2297 3192 Divina

2158 3212 2297 3266 Vera,
