2632 3516
936 280 1833 346 DEFIDE.
2335 305 2369 357 9

392 415 507 468 mari
527 408 831 478 potest'fides3
863 412 1144 479 cognitiones
1160 412 1283 462 enim
1306 410 1402 460 veri
1416 407 1468 459 &
1488 409 1597 458 boni
1618 407 1760 457 fidem
1776 407 1944 458 intrant
1961 403 2013 458 ἅ
2029 406 2198 458 faciunt
2220 407 2368 468 illam3

393 482 428 531 fi
449 482 578 530 nullae
593 477 705 536 sint,
738 478 856 527 fides
875 493 967 527 non
987 478 1161 535 existit,
1184 477 1298 526 fides
1313 475 1488 539 prorsus
1508 480 1657 527 vacua
1674 471 1726 522 δι
1745 472 1889 522 inanis
1908 488 1997 522 non
2018 472 2172 532 datur;
2204 472 2237 523 fi
2253 489 2366 538 pau·

388 561 461 596 eae
477 543 732 658 gna-fides
760 542 814 593 fit
831 543 986 608 pufilla
1009 545 1060 594 δι
1089 556 1266 608 egena3
1292 540 1328 590 fi
1348 541 1487 590 multa
1504 538 1614 599 fint,
1647 536 1776 613 fides,
1787 537 1842 587 fit
1863 539 2056 602 locuples
2072 537 2122 589 δι
2143 541 2276 602 plena
2299 539 2367 590 se-

389 625 476 660 cun
509 624 585 658 um
610 623 670 657 co
702 623 808 659 iam.

456 689 535 735 29.
569 674 638 723 At
654 624 877 723 sgiendum
897 671 966 723 est
977 707 996 732 ‚
1029 673 1149 737 quod
1173 671 1454 734 cognitiones
1482 668 1664 734 genuini
1685 668 1784 718 veri
1801 665 1854 718 &
1874 667 1983 718 boni
2006 667 2174 718 faciant
2195 667 2362 729 fidem,

388 739 441 789 ἃ
465 739 639 802 prorsus
669 753 760 787 non
780 740 1060 802 cognitiones
1091 737 1209 795 falfi,
1242 736 1355 785 fides
1381 736 1500 784 enim
1532 732 1599 783 est
1625 733 1815 792 veritas,
1851 745 1900 781 ut
1929 732 2057 795 sapra
2074 748 2118 781 n.
2140 747 2171 792 5
2195 734 2254 782 ad
2275 751 2329 784 11
2345 771 2361 792 ,

388 803 559 854 dictum
588 802 683 858 est,
716 819 774 853 ac
800 803 988 861 falfitas,
1026 804 1128 867 quia
1156 801 1222 850 est
1250 800 1455 865 oppofita
1476 800 1679 859 veritati,
1710 795 1895 847 destruit
1911 797 2079 856 fidem3
2111 813 2196 846 nec
2214 800 2363 862 potest

387 870 581 919 charitas
610 867 825 928 existere,
859 868 936 918 ubi
969 883 1106 917 merae
1133 867 1343 917 falsitates
1376 865 1503 924 sunt,
1536 880 1667 923 nam,
1701 876 1750 912 ut
1770 861 1901 927 supra
1923 878 1967 912 n.
2003 868 2058 915 18
2083 861 2250 911 dietum
2270 862 2361 923 est,

390 933 582 983 charitas
605 933 658 982 ἅ
686 933 801 982 fides
828 949 965 983 unum
985 933 1157 983 faciunt
1190 932 1301 981 ficut
1336 933 1502 980 bonum
1530 929 1581 978 &
1606 945 1764 978 verum
1785 928 1956 978 faciunt
1978 943 2129 978 unum.
2196 930 2265 976 Ex
2296 930 2365 979 his

419 1014 566 1062 noque
598 997 813 1062 sequitur,
846 999 968 1062 quod
998 999 1127 1048 nullae
1155 996 1434 1060 cognitiones
1471 996 1652 1059 genuini
1679 992 1853 1043 veri&
1890 994 1996 1043 boni
2032 994 2195 1042 nullam
2222 993 2364 1044 fidem

387 1015 586 1123 (iaciant,
619 1064 739 1127 quod
760 1079 917 1128 paucae
936 1065 1126 1126 aliquam
1147 1062 1313 1121 fidem,
1344 1060 1395 1110 ἃ
1416 1061 1537 1125 quod
1559 1061 1713 1109 multae
1732 1059 1870 1108 fidem
1892 1057 2098 1108 illustrem
2121 1059 2364 1110 secundum

389 1128 724 1191 plenitudinem.
781 1128 936 1194 Qualis
961 1129 1027 1177 est
1046 1129 1217 1177 homini
1241 1127 1354 1175 fides
1374 1142 1431 1176 ex
1450 1127 1694 1184 charitate,
1728 1126 1825 1174 talis
1844 1123 1909 1172 est
1929 1124 1972 1172 ei
1990 1123 2297 1188 intelligentia.

458 1207 531 1254 30.
553 1195 728 1243 Dantur
746 1195 884 1242 etiam
901 1195 1051 1254 multi,
1082 1195 1156 1257 qui
1178 1207 1270 1242 non
1295 1192 1568 1255 agnitionem
1588 1192 1805 1239 internam
1825 1190 1919 1238 veri
1942 1189 2128 1248 habent,
2144 1191 2194 1238 ἀ
2214 1203 2366 1238 tamen

391 1257 531 1306 fidem
555 1258 806 1318 charitatis,
838 1260 916 1322 qui
938 1259 1033 1306 sunt
1057 1259 1132 1322 qui
1153 1258 1199 1307 in
1218 1258 1313 1306 vita
1333 1255 1715 1319 speRaverunt'ad
1738 1256 2008 1314 Dominum,
2040 1253 2091 1303 &
2110 1270 2167 1303 ex
2186 1256 2366 1318 religio-

393 1337 452 1370 ne
472 1323 754 1371 evitaverunt
784 1327 925 1383 mala,
961 1324 1035 1372 sed
1065 1338 1092 1371 a
1116 1323 1233 1372 curis
1256 1323 1302 1371 in
1326 1320 1495 1369 mundo
1515 1320 1566 1369 ἆ
1586 1319 1778 1384 negotiis
1806 1320 1978 1368 detenti
1999 1335 2024 1368 a
2050 1321 2293 1382 cogitando
2312 1319 2370 1367 de

394 1388 538 1441 veris,
573 1386 623 1435 ἀ
658 1403 835 1451 quoque
862 1404 890 1436 a
928 1386 1110 1436 defectu
1141 1388 1238 1436 veri
1270 1386 1390 1450 apud
1416 1385 1662 1444 docentes3
1694 1385 1768 1433 sed
1789 1385 1853 1434 illi
1872 1386 2004 1447 usque
2026 1384 2205 1432 interius
2226 1385 2298 1432 seu
2318 1388 2367 1451 in

394 1451 475 1500 suo
494 1452 643 1515 spiritu
669 1454 715 1501 in
738 1453 966 1516 agnitione
988 1454 1111 1510 veri,
1137 1453 1241 1515 quia
1259 1452 1305 1500 in
1324 1450 1565 1500 affeetione
1595 1452 1714 1514 ejus,
1738 1449 1863 1508 sunt,
1885 1464 2019 1512 quare
2043 1450 2102 1497 illi
2126 1448 2226 1511 post
2247 1465 2371 1496 mor-

393 1528 515 1574 tem,
549 1518 659 1566 dum
689 1516 802 1565 fiunt
841 1518 1038 1580 spiritus,
1073 1516 1123 1566 δι
1155 1515 1421 1566 instruuntur
1447 1531 1527 1578 per
1546 1516 1767 1578 Angelos,
1802 1513 2045 1577 agnoscunt
2064 1529 2170 1561 vera
2188 1513 2238 1562 ἃ
2262 1529 2368 1563 cum

392 1581 560 1644 gaudio
593 1581 812 1644 recipiunt
841 1583 927 1630 illa.
971 1583 1118 1631 Aliter
1145 1597 1255 1631 vero
1284 1583 1370 1640 illi,
1404 1581 1544 1644 quiin
1568 1581 1662 1629 vita
1676 1594 1768 1628 non
1791 1577 2102 1641 spectaverunt
2124 1578 2181 1627 ad
2205 1580 2370 1627 Domi·

392 1661 523 1704 num,
557 1645 609 1694 &
632 1659 721 1694 non
740 1661 796 1694 ex
818 1647 1035 1709 religione
1053 1648 1335 1695 evitaverunt
1352 1646 1496 1703 mala,
1530 1646 1575 1694 hi
1594 1661 1684 1694 non
1701 1645 1879 1693 interius
1897 1643 1972 1692 seu
1988 1644 2034 1692 in
2057 1643 2134 1692 suo
2157 1643 2308 1707 spiritu
2320 1644 2368 1692 in

396 1711 543 1775 aliqua
573 1710 812 1760 affefilione
841 1713 937 1760 veri
965 1710 1015 1760 ἀ
1045 1712 1150 1760 inde
1180 1727 1265 1760 nec
1299 1711 1345 1759 in
1372 1712 1516 1773 aliqua
1534 1712 1761 1774 agnitione
1780 1709 1875 1773 ejus
1897 1707 2022 1768 sunt,
2059 1724 2194 1772 quare
2212 1709 2243 1757 ii
2269 1708 2372 1773 post

382 1782 615 1835 'moi-tem,
651 1791 753 1825 cum
784 1775 895 1824 fiunt
923 1775 1123 1839 spiritus,
1158 1775 1208 1825 ἃ
1230 1774 1497 1823 instruuntur
1513 1791 1592 1837 per
1613 1775 1836 1838 Angelos,
1871 1789 1960 1822 non
1983 1774 2139 1822 volunt
2160 1775 2373 1836 agnosce-

395 1855 446 1888 re
474 1856 609 1899 νει-ω,
642 1840 694 1890 δι
726 1841 831 1890 inde
857 1857 947 1891 non
982 1842 1203 1904 recipiunt
1230 1841 1335 1890 illa:
1371 1841 1537 1889 malum
1570 1839 1676 1888 vitae
1696 1839 1814 1888 enim
1834 1838 2013 1888 interius
2032 1838 2131 1887 odit
2153 1855 2261 1888 vera
2270 1857 2291 1899 ,-
2325 1851 2375 1889 at

397 1906 566 1955 bonum
583 1906 691 1957 vitae
707 1906 886 1955 interius
902 1919 1026 1956 amat
1057 1921 1182 1967 vera,

461 1985 538 2034 31.
572 1971 863 2034 cognitiones
893 1972 991 2033 veri
1026 1970 1076 2021 δι
1103 1970 1241 2031 boni,
1274 1987 1373 2036 quae
1393 1971 1651 2038 praecedunt
1674 1971 1840 2026 fidem,
1875 1981 2094 2034 apparent
2114 1969 2376 2034 quibusdam
2428 1974 2434 2038 j

394 2035 516 2098 quod
550 2034 658 2084 fidei
678 2034 788 2094 fint,
823 2035 899 2084 sed
921 2036 1055 2100 usque
1072 2053 1163 2086 non
1184 2037 1310 2096 sunt3
1377 2041 1464 2087 uod
1482 2038 1718 2099 opinentur
1737 2035 1787 2085 ἃ
1806 2035 1959 2084 dicant
1980 2035 2024 2083 se
2041 2036 2249 2093 credere,
2284 2051 2376 2083 non

393 2100 499 2148 ideo
534 2101 747 2160 credunt,
778 2099 829 2150 ἃ
862 2117 946 2150 nec
975 2103 1060 2152 illae
1078 2097 1325 2159 suntXidei,
1346 2055 1457 2150 ti'unt
1476 2104 1598 2149 enim
1618 2102 1745 2150 solius
1764 2101 2049 2164 cogitationis
2067 2101 2186 2162 quod
2205 2102 2269 2147 ita
2290 2098 2371 2157 fit,

393 2163 469 2213 sed
511 2180 601 2213 non
631 2165 728 2213 sunt
756 2165 997 2227 agnitionis
1026 2168 1235 2223 internae,
1269 2168 1387 2227 quod
1422 2168 1631 2212 veritates
1663 2164 1773 2221 smt3
1805 2179 1861 2212 ac
1882 2163 1994 2212 fides
2015 2164 2135 2225 quod
2160 2164 2372 2212 veritates
2429 2190 2433 2195 -

394 2227 504 2285 sint,
536 2230 645 2277 dum
678 2227 869 2276 nescitur
898 2230 1016 2291 quod
1048 2230 1157 2281 sint,
1191 2228 1257 2276 est
1283 2229 1451 2290 species
1470 2227 1751 2291 persuasionis
1770 2239 1958 2274 remotae
1975 2229 2032 2275 ab
2057 2227 2284 2291 agnitione
2305 2227 2374 2274 in-
2435 2236 2441 2260 *-

396 2304 547 2342 terna:
580 2305 629 2340 ut
648 2293 839 2353 primum
861 2306 1014 2341 autem
1032 2293 1223 2341 charitas
1240 2293 1550 2351 implantatur,
1584 2305 1689 2340 tunc
1708 2291 1988 2353 cognitiones
2009 2292 2093 2340 illae
2114 2290 2224 2338 fiunt
2233 2291 2370 2351 fidei,
2444 2287 2453 2346 ἶ,

403 2356 479 2405 sed
497 2371 587 2404 non
608 2358 703 2418 plus
728 2371 861 2419 quam
880 2356 1071 2405 charitas
1100 2356 1146 2404 in
1170 2358 1246 2406 illa
1267 2356 1348 2404 est.
1382 2359 1433 2405 ln
1460 2356 1608 2405 Primo
1627 2356 1741 2404 statu
1754 2387 1771 2412 ,
1793 2368 2029 2418 antequam
2047 2355 2249 2404 Charitas
2270 2370 2372 2419 per·
2455 2368 2458 2372 ’

400 2421 592 2484 cipitur,
623 2433 809 2485 apparet
830 2421 910 2469 illis
931 2421 1044 2470 fides
1067 2420 1177 2470 ficut
1198 2422 1345 2484 primo
1362 2423 1464 2470 loco
1487 2421 1566 2479 fit,
1601 2421 1651 2469 δι
1672 2421 1863 2469 charitas
1882 2420 2102 2477 secund03
2137 2419 2212 2468 sed
2237 2421 2283 2468 in
2312 2422 2373 2469 al-

397 2500 495 2534 tero
512 2485 627 2536 statu
641 2522 655 2546 ‚
691 2500 795 2534 cum
817 2485 1006 2535 charitas
1031 2486 1296 2549 percipitur,
1329 2487 1382 2534 fit
1402 2487 1513 2534 fides
1535 2485 1726 2547 secundo
1744 2486 1849 2534 loco
1864 2521 1877 2542 ,
1912 2484 1962 2533 δι
1983 2485 2175 2534 charitas
2198 2485 2370 2548 primo:
2447 2540 2451 2553 ,-

400 2553 571 2600 Primus
589 2548 725 2600 status
744 2561 930 2599 vocatur
952 2551 1240 2600 Reformatio
1253 2585 1267 2607 ,
1306 2552 1431 2600 Alter
1451 2549 1585 2601 status
1609 2562 1796 2599 vocatur
1814 2550 2141 2614 Regeneratio:
2162 2565 2267 2598 cum
2289 2551 2373 2598 ho-
2444 2558 2449 2581 ³

403 2631 481 2665 mo
505 2617 549 2664 in
568 2615 659 2664 hoc
681 2614 800 2663 statu
820 2615 885 2664 est
899 2649 914 2672 ‚
950 2627 1056 2665 tunc
1077 2616 1195 2678 apud
1217 2618 1336 2664 illum
1358 2617 1500 2665 indies
1518 2615 1674 2665 crescit
1695 2615 1909 2678 sapientia
1922 2653 1935 2672 ,
1968 2630 2024 2664 ac
2044 2614 2187 2664 indies
2205 2616 2396 2664 bonum-

403 2681 666 2743 multiplicat
694 2695 828 2735 vera,
862 2679 912 2729 (St.
942 2680 1184 2730 fructificat
1211 2682 1305 2730 illa:
1340 2680 1405 2729 est
1435 2681 1574 2730 homo
1595 2693 1700 2729 tunc
1723 2680 1833 2729 ficut
1852 2681 2027 2739 Arbor,
2061 2694 2160 2743 quae
2180 2678 2375 2728 fructum

403 2748 519 2803 fert,
551 2745 603 2795 δι
629 2746 676 2794 in
704 2744 848 2794 fruetu
877 2746 1004 2808 ponit
1037 2745 1228 2805 semina,
1263 2761 1319 2794 ex
1351 2745 1504 2809 quibus
1525 2761 1657 2794 novae
1678 2747 1886 2802 arboreS,
1920 2745 1970 2794 <Sc
1994 2747 2175 2794 tandem
2195 2744 2373 2794 hortus:

401 2810 454 2858 fit
489 2823 595 2858 tunc
622 2825 728 2858 vere
758 2810 922 2867 hom0,
956 2809 1007 2859 ἃ
1034 2809 1133 2872 post
1156 2823 1347 2859 mortem
1370 2813 1572 2874 angelus,
1608 2811 1730 2873 cujus
1760 2810 1902 2858 vitam
1930 2809 2044 2859 facit
2074 2809 2291 2869 charitas,
2323 2808 2377 2859 δι

401 2875 515 2923 fides
546 2873 762 2932 formam,
798 2873 1025 2938 pulchram
1046 2875 1283 2924 secundum
1302 2878 1429 2938 quale
1450 2876 1568 2939 ejus3
1601 2889 1647 2923 at
1669 2875 1782 2923 fides
1801 2886 1906 2923 tunc
1923 2890 2013 2924 non
2033 2876 2218 2937 amplius
2237 2890 2357 2924 voca

400 2953 471 2988 tur
491 2939 602 2987 fides
615 2975 629 2997 ,
660 2939 733 2986 sed
754 2939 1057 3002 intelligentia.
1091 2941 1161 2989 Ex
1183 2940 1250 2989 his
1270 2940 1473 2990 constare
1494 2940 1640 3003 potest
1654 2978 1667 2997 ,
1701 2940 1822 3003 quod
1843 2955 1979 2989 omne
1994 2939 2105 2989 fidei
2122 2939 2175 2988 fit
2199 2956 2256 2989 ex
2267 2940 2374 2989 cha-

402 3006 559 3061 ritate,
595 3003 646 3052 &
678 3004 782 3056 nihil
813 3006 905 3068 ejus
934 3020 989 3052 ex
1020 3004 1093 3063 se3
1126 3018 1220 3052 tum
1250 3007 1387 3054 etiam
1416 3006 1536 3068 quod
1558 3006 1748 3054 charitas
1771 3005 1987 3067 producat
2010 3005 2178 3064 fidem,
2213 3004 2264 3055 &
2285 3020 2376 3053 non

403 3069 515 3118 fides
545 3068 827 3117 charitatem:
863 3068 959 3116 sunt
990 3070 1270 3133 cognitiones
1304 3070 1399 3118 veri
1435 3087 1533 3134 quae
1567 3070 1843 3132 praecedunt,
1878 3069 2059 3132 prorsus,
2080 3069 2190 3119 sicut
2211 3085 2374 3132 penua-

404 3135 517 3182 rium
547 3134 590 3181 in
616 3134 798 3195 horren,
833 3133 951 3198 quod
977 3149 1065 3184 non
1084 3136 1221 3184 nutrit
1241 3137 1493 3196 hominem,
1530 3136 1606 3185 nisi
1636 3149 1850 3201 appetens
1871 3134 2039 3186 viEium
2059 3136 2163 3186 inde
2183 3135 2378 3184 frumen·

406 3211 501 3246 tum
519 3198 719 3247 desumit.

1371 3266 1406 3311 B
2190 3277 2261 3323 32.
2298 3261 2382 3312 Di-
