2502 3432
228 176 363 247 ¹34
571 179 681 220 ni:
772 181 1025 221 Nove,
1107 160 1877 229 Hriznosonviuii

322 284 471 365 263.
524 279 708 374 Qcod
745 283 1034 348 Dominus
1066 284 1155 374 fit
1199 282 1490 348 Verbum.
1589 298 1733 358 Quod
1782 298 1999 347 insensu
2047 299 2211 349 intimo

224 373 362 418 Verbi
399 385 556 434 agatur
595 389 724 421 unice
760 373 816 421 de
841 375 1066 432 Domino,
1095 390 1151 422 ‘ac
1176 373 1479 422 describantur
1514 391 1671 422 omnes
1704 374 1835 423 status
1871 376 2208 440 glorificationis

226 439 432 484 Humani
459 439 617 502 Ipsius,
655 441 738 487 hoc
771 439 849 496 est,
885 441 1063 488 unionis
1087 456 1194 488 cum
1221 440 1323 504 Ipso
1346 442 1536 497 Divino,
1574 443 1622 489 δε
1658 457 1841 506 quoque
1876 459 2035 491 omnes
2074 443 2209 492 status

224 503 545 566 subjugationis
570 503 865 564 infernorum,
900 523 950 554 ac
986 508 1279 555 ordinationis
1313 508 1522 555 omnium
1557 507 1617 554 ibi
1640 509 1689 556 &
1714 509 1757 555 in
1783 510 1945 566 Caelis,
1983 527 2010 557 n
2033 530 2043 558 :
2066 526 2206 591 2249.

226 586 365 633 7014.
439 572 504 620 Ita
543 573 667 636 quod
707 574 750 619 in
793 572 870 621 illo
906 572 1025 620 sensu
1062 572 1333 622 describatur
1372 575 1519 636 omnis
1564 576 1655 622 vita
1691 575 1882 622 Domini
1922 578 1967 623 in
2010 578 2208 633 Mundo,

220 637 270 683 &
310 638 435 700 quod
475 654 553 700 per
591 637 634 685 id
681 638 913 702 praesentia
947 640 1140 687 Domini
1177 641 1391 688 continua
1437 639 1490 686 fit
1535 641 1656 702 apud
1693 642 1914 704 Angelos,
1967 660 1994 689 n
2022 660 2032 690 :
2063 658 2205 705 2523.

221 703 421 752 Proinde
464 706 589 768 quod
629 705 760 752 Solus
800 706 1030 753 Dominus
1065 707 1117 753 sit
1157 707 1202 753 in
1243 708 1406 754 intimo
1447 706 1617 760 Verbi·,
1674 707 1722 753 δε
1762 707 1886 771 quod
1932 710 2035 756 inde
2074 711 2207 757 Divi-

222 786 334 817 num
360 772 406 818 δε
431 770 646 818 Sanftum
669 771 808 818 Verbi
840 771 909 827 sit,
946 789 1004 820 ri:
1038 775 1174 836 1873.
1202 789 1344 836 9357.
1417 771 1562 835 Qod
1588 772 1817 819 Dominus
1857 774 2036 831 dixerit,
2080 776 2206 838 quod

220 836 407 900 impleta
448 837 500 884 sit
532 838 760 900 Scriptura
798 837 855 886 de
878 839 995 902 Ipso,
1033 839 1249 902 significet
1288 839 1414 902 quod
1455 841 1610 886 omnia
1644 854 1750 903 quae
1785 840 1830 885 iri
1867 840 1986 887 sensu
2025 833 2231 898 intimo,x

222 918 331 950 nze
378 920 398 937 0
441 939 450 949 .
1874 936 1885 944 t
2199 916 2212 941 ·,

287 919 432 1033 (236131
451 968 656 1016 Verbum
682 968 908 1035 significet
935 971 1159 1025 Divinum
1185 970 1380 1027 Verum,
1417 987 1445 1018 n
1469 989 1479 1019 :
1500 972 1646 1035 4692.
1676 987 1818 1036 5075.
1847 975 1990 1037 9987.
2062 972 2209 1032 Qod

220 1034 450 1084 Dominus
482 1035 534 1083 sit
557 1034 765 1084 Verbum
805 1039 912 1101 quia
942 1036 1005 1084 est
1032 1038 1252 1085 Divinum
1279 1038 1470 1094 Verum,
1507 1054 1563 1084 n:
1590 1054 1734 1102 2533.
1807 1038 1953 1093 Quod
1982 1039 2210 1088 Dominus

220 1100 274 1146 sit
298 1100 520 1158 Verbum,
555 1103 689 1149 etiam
722 1104 828 1166 quia
851 1102 1057 1150 Verbum
1091 1104 1153 1150 est
1184 1103 1240 1150 ab
1267 1103 1381 1167 Ipso,
1419 1105 1468 1151 δι
1503 1105 1560 1151 de
1590 1105 1706 1167 Ipso,
1750 1121 1806 1150 ri:
1833 1109 1976 1166 2859.
2045 1107 2120 1151 Ac
2143 1107 2211 1157 de

221 1165 332 1213 Solo
361 1167 572 1215 Domino
610 1170 656 1215 in
680 1168 816 1216 Sensu
853 1169 1032 1225 intimo,
1075 1171 1133 1217 ita
1167 1169 1263 1232 Ipse
1298 1170 1526 1216 Dominus
1561 1169 1639 1226 ibi,
1678 1185 1738 1215 n:
1765 1173 1903 1232 1873.
1932 1186 2074 1233 9357.
2144 1171 2210 1218 Et

218 1233 323 1294 quia
347 1234 390 1280 in
417 1235 629 1282 omnibus
652 1236 701 1282 &
727 1235 910 1299 singulis
934 1235 1072 1282 Verbi
1104 1234 1167 1282 est
1190 1232 1475 1298 Conjugium
1497 1236 1656 1282 Divini
1681 1235 1796 1282 Boni
1832 1237 1880 1282 ὅτ,
1908 1236 2063 1281 Divini
2080 1235 2207 1293 Veri,

217 1314 246 1348 n
274 1316 285 1345 :
314 1314 457 1362 3004.
486 1316 631 1363 5502.
703 1300 850 1366 Qiod
890 1300 1020 1363 Jesus
1059 1300 1113 1347 fit
1155 1301 1378 1346 Divinum
1420 1301 1619 1357 Bonum,
1657 1301 1706 1347 &
1745 1299 1945 1347 Christus
1982 1301 2208 1350 Divinum

216 1362 410 1419 Verum,
446 1384 507 1415 n:
533 1383 677 1431 3004.
705 1383 848 1429 3005.
879 1383 1021 1431 3009.
1093 1366 1234 1423 Quod
1259 1366 1484 1412 Divinum
1509 1366 1684 1425 Verum
1708 1365 1762 1413 sit
1785 1367 1971 1414 unicum
1997 1366 2124 1423 reale,
2162 1370 2210 1416 δε

217 1432 343 1492 quod
377 1432 423 1478 id
457 1434 504 1478 in
534 1448 630 1495 quo
658 1432 737 1488 est,
771 1434 899 1494 quod
929 1434 993 1479 est
1025 1448 1081 1478 ex
1102 1433 1294 1487 Divin0,
1329 1430 1382 1477 sit
1416 1432 1602 1478 unicum
1637 1431 1934 1489 substantiale,
1968 1449 2033 1479 n:
2062 1449 2206 1497 5272.

217 1496 359 1545 6880.
388 1513 532 1557 7004.
561 1513 704 1559 5200.
774 1498 973 1560 thuia
995 1498 1221 1544 Divinum
1243 1496 1421 1544 Verum
1459 1497 1705 1560 procedens
1741 1497 1994 1545 aDomino
2015 1498 2087 1557 est¹
2100 1499 2210 1547 Lux

215 1563 261 1608 in
286 1563 443 1621 Coelo,
479 1566 527 1612 &
552 1564 782 1610 Divinum
808 1564 990 1612 Bonum
1019 1562 1083 1611 est
1105 1562 1241 1610 Calor
1272 1564 1318 1610 in
1343 1561 1497 1620 Coele,
1531 1563 1582 1611 ὅτ
1604 1565 1711 1626 quia
1744 1579 1800 1610 ex
1834 1563 1919 1610 illis
1957 1565 2110 1612 omnia
2145 1565 2209 1613 ibi

214 1628 430 1685 existunt,
463 1631 513 1675 δε
545 1632 650 1690 quia
685 1645 764 1691 per
787 1629 979 1675 Coelum
1018 1628 1091 1675 seu
1124 1643 1206 1689 per
1229 1629 1468 1675 Mundum
1507 1627 1779 1689 spiritualem
1815 1629 1962 1675 existit
1997 1630 2208 1677 Mundus

214 1693 441 1750 naturalis,
477 1706 600 1756 patet
621 1694 747 1756 quod
771 1695 926 1741 omnia
945 1708 1053 1756 quae
1074 1704 1220 1740 creata
1241 1691 1359 1747 sunt,
1393 1707 1450 1738 ex
1472 1692 1648 1738 Divino
1670 1693 1808 1747 Vero,
1843 1693 1907 1739 ita
1945 1692 2008 1739 est
2032 1694 2204 1750 Verbo,

211 1772 355 1807 creata
379 1759 481 1815 sint,
523 1758 773 1806 secundum
807 1758 907 1806 haec
929 1758 1082 1806 Verba
1118 1758 1240 1822 apud
1262 1757 1540 1818 Johannem‚
1589 1762 1622 1785 “
1647 1758 1701 1805 In
1730 1760 1944 1820 principio
1979 1769 2074 1805 erat
2096 1760 2202 1807 Ver-

212 1826 327 1883 bum,
373 1826 430 1875 Es?
452 1826 636 1874 Verbum
671 1835 766 1872 erat
803 1824 922 1886 apud
938 1825 1096 1881 Deum,
1142 1824 1199 1875 ΕΞ
1222 1825 1342 1873 Deus
1379 1832 1474 1872 erat
1497 1820 1699 1881 Verbum,
1746 1824 1802 1874 ἐξ
1819 1836 1899 1887 per
1922 1824 2037 1872 Illud
2065 1828 2204 1872 omnia

200 1893 332 1956 fabia
356 1892 464 1956 sunt
497 1909 590 1956 quae
610 1892 778 1954 sabla:
820 1892 871 1939 δι
900 1891 1126 1940 vannum
1162 1892 1312 1940 Caino
1350 1906 1569 1938 FAc'rUM
1611 1890 1754 1947 EST?
1798 1908 1860 1938 n:
1890 1892 2033 1954 2803.
2058 1893 2203 1956 2884,

214 1973 359 2022 5272.
385 1961 528 2023 7830.
600 1959 747 2005 Porro
785 1957 842 2004 de
877 1958 1111 2006 Creatione
1149 1958 1359 2004 omnium
1398 1972 1424 2002 a
1457 1957 1633 2004 Divino
1655 1957 1798 2013 Vero,
1833 1958 1894 2004 ita
1931 1972 1958 2002 a
1979 1958 2203 2013 Domino,
2298 2010 2302 2012 ,

212 2027 420 2073 videatur
443 2026 487 2072 in
511 2024 663 2088 Opere
685 2024 741 2070 de
763 2023 901 2071 Coelo
924 2024 974 2071 &
995 2021 1196 2079 Inferno,
1230 2039 1261 2070 11
1287 2041 1298 2071 :
1330 2036 1419 2086 137
1444 2038 1454 2068 :
1492 2023 1540 2069 δε
1567 2021 1741 2084 plenius
1763 2037 1820 2069 ex
1845 2021 1958 2069 binis
1987 2023 2203 2071 Articulis

213 2092 359 2140 ibin:
387 2091 476 2141 116
498 2092 552 2138 ad
584 2105 695 2153 125,
730 2091 779 2138 &
800 2107 862 2138 n:
889 2091 977 2140 126
1000 2089 1057 2136 ad
1087 2105 1193 2147 140.
1218 2096 1222 2101 ”

279 2158 424 2226 Quod
464 2155 726 2222 conjuniftio
747 2157 941 2204 Domini
980 2171 1090 2203 cum
1128 2155 1312 2203 homine
1351 2153 1402 2200 sit
1436 2169 1514 2216 per
1530 2153 1756 2210 Verbum,
1798 2154 1950 2201 medio
1986 2153 2107 2202 sensu
2132 2156 2203 2203 in-

210 2238 355 2281 terno,
396 2241 424 2272 n
446 2241 456 2270 ε
482 2239 655 2288 10375.
725 2222 873 2288 Qiod
896 2239 975 2287 per
997 2221 1151 2270 omnia
1174 2223 1222 2269 &
1248 2219 1421 2283 singula
1436 2219 1579 2285 Verbi
1613 2219 1666 2267 sit
1689 2218 1964 2284 conjunffio,
1999 2220 2049 2268 δε
2073 2221 2201 2283 quod

212 2292 319 2339 inde
358 2289 565 2342 Verbum
608 2290 662 2338 sit
701 2288 906 2337 mirabile·
946 2304 1043 2352 prae
1082 2286 1212 2337 omni
1255 2286 1436 2349 scripto,
1493 2302 1555 2334 n:
1587 2286 1707 2349 1063
1718 2302 1759 2332 2.
1804 2286 1974 2349 10633.
2022 2286 2196 2349 10634.

211 2358 357 2422 Qod
391 2357 639 2413 DominuS,
680 2354 922 2420 postquam
948 2354 1153 2402 Verbum
1177 2352 1485 2416 conscriptum
1518 2351 1599 2408 est,
1640 2352 1851 2415 loquatur
1888 2367 1970 2416 per
2007 2351 2055 2399 id
2090 2367 2198 2400 cum

208 2423 487 2479 hominibuS,
529 2438 589 2470 n:
616 2436 789 2484 10290.

306 2498 458 2570 264.
509 2491 612 2553 De
642 2488 756 2552 illis
789 2492 894 2577 qui
933 2504 1138 2552 contra
1168 2483 1435 2550 Verbum
1463 2483 1637 2572 fiant.
1739 2494 1813 2542 De
1848 2493 1934 2540 iilis
1971 2493 2052 2557 qui
2088 2509 2199 2542 con-

207 2595 436 2639 temnunt,
461 2580 741 2636 subsannant,
765 2579 1089 2643 blasphemant,
1113 2580 1162 2627 &
1184 2577 1464 2641 prophanant
1489 2574 1713 2629 Verbum,
1749 2588 1806 2618 n:
1834 2573 1971 2647 1878.
2027 2571 2199 2634 Qales

208 2649 272 2695 illi
296 2650 340 2694 in
363 2649 496 2696 altera
518 2649 628 2704 vita,
666 2663 694 2693 n
715 2663 726 2693 :
760 2645 895 2710 1761.
921 2660 1064 2710 9222.
1123 2644 1270 2709 Qiod
1295 2639 1485 2690 referant
1505 2639 1671 2687 viscosa
1691 2638 1933 2700 sanguinis,
1971 2651 1998 2682 n
2020 2655 2031 2685 :
2054 2653 2196 2703 5719.

208 2715 449 2776 Qantum
473 2713 659 2778 periculi
683 2729 708 2760 a
730 2711 1082 2776 prophanatione
1105 2710 1262 2767 Verbi,
1297 2725 1357 2756 n:
1386 2723 1476 2771 571
1505 2706 1560 2754 ad
1587 2709 1697 2770 582.
1768 2704 2008 2760 Quantum
2047 2717 2195 2760 nocet,

206 2779 240 2826 fi
274 2781 491 2842 principia
525 2779 634 2835 falfi,
667 2779 896 2842 imprimis
919 2793 1024 2841 quae
1047 2775 1200 2824 favent
1222 2775 1364 2824 amori
1387 2773 1451 2821 sui
1472 2773 1523 2820 ὅτ
1549 2771 1726 2827 mundi,
1762 2770 2086 2817 confirmentur
2119 2784 2198 2832 per

134 2838 142 2847 ⁶
206 2844 432 2900 Verbum,
469 2861 496 2891 n
523 2863 533 2892 ε
563 2849 673 2908 589.
716 2845 847 2909 ,Qii
887 2846 932 2891 in
973 2843 1095 2891 nulla
1133 2842 1366 2890 affedtione
1390 2840 1483 2887 veri
1520 2852 1706 2902 propter
1728 2852 1887 2884 verum
1913 2835 2195 2910 sung-quod

207 2909 336 2974 plane
375 2908 571 2970 rejiciant
607 2910 778 2956 sensum
808 2912 1041 2958 Internu'm
1066 2909 1223 2966 Verbi,
1257 2910 1307 2957 δε
1331 2907 1387 2955 ad
1410 2906 1540 2953 illum
1565 2906 1786 2960 nauseent,
1822 2902 1878 2949 ab
1907 2912 2193 2974 experientia,

205 2993 237 3023 n
257 2995 268 3024 ε
290 2991 435 3040 5702.
502 2975 574 3021 De
598 2975 864 3037 quibusdam
887 2979 934 3023 in
957 2977 1091 3024 altera
1111 2978 1218 3034 vita,
1254 2974 1334 3040 qui
1368 2971 1614 3038 rejecerunt
1648 2971 1851 3020 interiora
1874 2964 2030 3021 Verbi,
2066 2967 2193 3028 quod

204 3042 497 3115 rationalitate
518 3040 661 3088 orbati
685 3039 787 3096 sint,
824 3056 853 3087 n
875 3059 885 3087 :
910 3045 1048 3106 1879.
1909 3094 2003 3159 255
2057 3094 2195 3143 Plura
