2502 3432
337 208 423 272 42
641 168 2095 269 1)-Ε-υ1,Τ1Μο]υ1)-1()10--

261 369 264 377 ἱ
404 325 483 373 57.
517 310 762 373 Loquutus
786 309 883 358 sum
908 325 1015 358 cum
1038 309 1302 374 quibusdam
1325 323 1383 358 ex
1407 309 1481 358 illa
1502 311 1649 358 Gente
1683 310 1741 358 de
1780 310 1994 361 Clavibus
2017 313 2153 365 Petro
2184 318 2318 377 datis,

342 391 455 424 num
492 376 675 424 credant
712 379 757 423 in
798 377 927 424 illum
966 376 1231 440 potestatem
1253 376 1445 424 Domini
1485 374 1612 439 super
1634 376 1822 424 Coelum
1859 380 1907 426 δε
1931 379 2164 429 Infernum
2199 396 2319 432 tran-

259 444 264 484 ?
341 444 494 490 {latam
514 441 615 498 effe,
648 442 774 506 quod
796 443 903 505 quia
923 454 1013 490 erat
1045 441 1377 489 fundamentale
1416 442 1641 504 religionis
1680 456 1855 500 eorum,
1890 446 2174 494 vehementer
2196 448 2323 497 insta-

259 511 264 560 i
343 507 468 563 bant,
502 508 698 555 dicentes
720 508 845 572 quod
869 507 924 554 de
947 524 1002 567 eo
1024 508 1132 555 nihil
1157 508 1282 554 dubii
1305 507 1378 563 fit,
1409 509 1517 570 quia
1561 505 1785 554 manifeste
1823 508 2017 559 dicitur:
2054 510 2126 559 sed
2164 514 2221 560 ad
2256 515 2327 562 in-

263 611 267 622 (
346 574 714 635 terrogationem,
750 589 861 620 num
886 573 1021 620 sciant
1043 572 1166 636 quod
1192 573 1374 635 singulis
1392 572 1533 619 Verbi
1566 573 1665 620 insit
1701 571 1843 621 sensus
1875 575 2124 638 spiritualiS,
2160 580 2239 641 qui
2262 579 2327 627 est

348 636 490 686 sensus
513 639 655 714 §serbi
688 641 738 685 in.
758 639 911 695 Coelo,
930 639 1151 703 *dicebant
1173 639 1379 702 primum
1399 638 1525 712 quod
1551 654 1641 685 non
1664 637 1815 694 sciant,
1850 638 1921 687 sed
1951 641 2100 705 postea
2123 644 2330 697 dicebant

264 790 274 801 -
347 703 477 816 {¹2:25ss
503 704 1014 827 ἑῗὲῒὲζὲιῑῗῖἷᾏὲἒ,
1030 702 1474 829 ⁶331²2¹22ss3532322
1487 702 2331 831 litii}csssss‘zpsssstzi122512102123‘1'3

349 835 397 881 &
436 832 613 896 insuper
651 831 850 879 instrueti
890 832 1007 888 sunt,
1042 832 1165 895 quod
1191 847 1282 879 non
1305 831 1449 894 aliqua
1471 830 1653 893 persona
1676 832 1903 880 nominata
1925 836 1970 882 in
1997 837 2146 886 Verbo
2177 841 2328 887 nomi-

350 910 483 947 netur
506 899 551 944 in
575 898 720 954 coelo,
751 896 827 944 sed
850 897 975 961 quod
1000 898 1102 945 loco
1123 896 1217 958 ejus
1240 897 1409 959 aliquid
1435 896 1657 959 spirituale
1681 897 1742 943 ibi
1766 898 2064 961 intelligatur:
2102 902 2332 956 informati

351 963 544 1026 denique
585 963 701 1019 sunt,
735 964 863 1026 quod
902 979 987 1026 pro
1023 964 1159 1010 Petro
1199 963 1244 1009 in
1267 963 1423 1009 Verbo
1462 962 1734 1024 intelligatur
1768 963 1982 1012 Ecclefiae
2009 967 2183 1014 Verum
2224 969 2330 1018 fidei

350 1029 479 1091 quod
513 1044 573 1076 ex
606 1029 726 1076 bono
765 1029 1007 1085 charitatis,
1042 1028 1241 1076 fimiliter
1278 1043 1358 1090 per
1393 1028 1590 1084 Petram,
1638 1044 1743 1091 quae
1783 1041 1890 1076 tunc
1930 1032 2186 1081 nominatur
2223 1050 2334 1082 curn

349 1094 507 1151 Petr0,
541 1110 647 1142 nam
685 1094 867 1151 dicitur,
905 1099 940 1122 “
962 1093 1002 1142 Τ
1001 1111 1029 1141 u
1053 1111 1093 1141 es
1116 1096 1289 1150 Petrus,
1325 1091 1380 1140 {9²
1391 1094 1525 1156 super
1548 1095 1656 1140 hanc
1681 1094 1856 1156 Petram
1877 1095 2086 1154 aedificabo
2108 1099 2340 1158 Ecclesiam·

301 1207 305 1210 ,
348 1161 532 1217 mmm?
568 1160 753 1207 Matth:
780 1176 897 1208 xvn
930 1164 983 1209 18
1011 1159 1115 1222 seq:
1153 1175 1232 1221 per
1252 1174 1358 1222 quae
1382 1174 1474 1206 non
1498 1159 1778 1221 intelligitur,
1812 1161 1936 1222 quod
1970 1162 2109 1209 Petro
2142 1163 2244 1211 data
2278 1165 2334 1212 fit

301 1223 498 1289 {Jaliqua
538 1225 747 1287 potestas,
783 1225 855 1272 sed
891 1226 1018 1288 quod
1057 1225 1111 1272 fit
1132 1225 1255 1272 Vero
1289 1224 1416 1287 quod
1457 1240 1513 1270 ex
1547 1226 1694 1281 Bono,
1729 1239 1834 1271 narn
1870 1227 2020 1272 omnis
2058 1227 2248 1289 potestas
2285 1232 2334 1277 in

308 1286 327 1346 E
350 1291 480 1337 eoelis
520 1290 583 1337 est
605 1291 730 1338 Vero
768 1307 825 1338 ex
863 1292 1011 1346 Bono,
1046 1290 1119 1337 seu
1161 1291 1292 1336 Bono
1331 1305 1410 1352 per
1432 1289 1639 1343 Verum;
1675 1291 1724 1336 ὅτ
1758 1290 1864 1350 quia
1898 1305 2034 1338 omne
2063 1293 2245 1340 Bonum
2283 1296 2335 1343 &-

320 1347 330 1371 l
352 1355 527 1402 Verum
551 1355 652 1404 sunt
673 1372 699 1402 a
723 1356 946 1411 Domino,
977 1356 1027 1402 &
1048 1354 1159 1401 nihil
1187 1370 1244 1401 ex
1279 1354 1479 1408 homine,
1512 1355 1637 1416 quod
1661 1354 1809 1399 omnis
1831 1354 2019 1416 potestas
2039 1355 2092 1402 fit
2113 1357 2335 1406 Domino.

350 1419 448 1467 His
479 1421 642 1467 auditis
673 1420 895 1482 indignati
925 1420 1157 1475 dixerunt,
1186 1418 1314 1481 quod
1338 1418 1479 1464 velint
1502 1417 1607 1464 scire
1631 1433 1743 1464 num
1767 1418 1804 1464 is
1839 1414 1982 1466 sensus
2017 1419 2336 1482 spiritualisvfit

264 1535 269 1537 ,
353 1484 400 1531 in
437 1484 524 1532 illis
556 1484 723 1541 verbis,
758 1495 1031 1547 quapropter
1067 1484 1227 1531 datum
1264 1482 1327 1529 est
1365 1482 1451 1529 illis
1480 1483 1679 1536 Verbum
1717 1483 1843 1546 quod
1884 1485 1932 1531 in
1969 1485 2124 1541 Coelo,
2159 1489 2207 1535 in
2241 1505 2336 1551 quo

352 1549 510 1597 Verbo
531 1563 628 1597 non
646 1548 709 1597 est
730 1547 875 1597 sensus
899 1548 1109 1597 naturalis
1130 1548 1204 1596 sed
1227 1547 1477 1611 spiritualis,
1512 1549 1618 1611 quia
1641 1563 1726 1610 pro
1749 1549 1939 1611 Angelis
1961 1552 2042 1612 qui
2064 1550 2337 1614 spirituales;

350 1615 479 1676 quod
503 1615 586 1662 tale
608 1615 808 1663 Verbum
832 1616 879 1661 in
902 1615 1041 1662 Coelo
1063 1615 1132 1670 fit,
1167 1614 1372 1659 videatur
1394 1614 1438 1658 in
1462 1614 1613 1674 Opere
1635 1614 1692 1658 de
1707 1613 1842 1659 Coelo
1862 1614 1914 1659 δε
1937 1613 2118 1662 Inferno
2140 1634 2169 1662 n
2189 1636 2200 1664 :
2223 1634 2247 1664 2
2254 1636 2334 1682 59,

352 1681 446 1728 261
472 1702 487 1734 3
522 1681 572 1726 &
596 1696 704 1726 curn
729 1681 776 1727 id
800 1679 1023 1741 legebant,
1059 1676 1286 1724 manifeste
1306 1676 1517 1723 videbant
1556 1692 1647 1723 non
1682 1676 1744 1722 ibi
1767 1678 1952 1724 Petrum
1988 1680 2224 1736 nominari,
2261 1683 2336 1730 sed

354 1744 459 1792 Ioco
479 1742 575 1805 eius
591 1745 765 1791 Verum
788 1760 844 1790 ex
868 1746 998 1790 Bono
1035 1743 1160 1805 quod
1200 1758 1226 1789 a
1249 1741 1454 1787 Domino
1485 1741 1561 1800 (0)
1577 1759 1603 1787 .·.
1630 1740 1716 1787 hoc
1755 1740 1850 1787 viso
1889 1757 1945 1789 ex
1987 1743 2049 1790 ira
2087 1743 2333 1807 rejecerunt

354 1809 488 1865 illud,
536 1825 665 1872 paene
704 1808 979 1855 dilaniaffent
1017 1807 1244 1863 dentibus,
1287 1806 1366 1852 nisi
1406 1822 1461 1853 eo
1501 1818 1735 1854 momento
1773 1806 1972 1854 ablatum
2007 1806 2182 1858 fuiffet:
2230 1814 2337 1862 inde

357 1875 557 1922 conviffi
579 1874 695 1930 sunt,
731 1874 903 1924 tametfi
926 1889 1017 1920 non
1038 1873 1278 1925 voluerunt
1300 1871 1525 1926 convinci,
1562 1871 1687 1933 quod
1710 1871 1804 1918 Soli
1826 1873 2031 1918 Domino
2052 1874 2126 1921 illa
2147 1876 2343 1944 potesta?

357 1941 430 1997 fit,
462 1941 514 1987 δε
534 1955 590 1987 eo
615 1940 763 1986 minus
784 1939 915 1986 alicui
936 1938 1128 1994 homini,
1161 1939 1268 2000 quia
1288 1936 1351 1983 est
1374 1935 1562 1998 potestas
1585 1936 1765 1982 Divina.
2054 1971 2057 1984 ;

418 2009 505 2068 58.
539 2006 723 2055 Ubinam
746 2005 1044 2052 Habitationes
1076 2019 1214 2051 eorum
1248 2003 1446 2049 habmus
1469 2001 1653 2062 fuerunt
1689 2004 1733 2047 in
1756 2001 1922 2048 Mundo
1949 2003 2176 2063 spirituali
2191 2023 2207 2051 .·
2243 2006 2339 2054 dic-

359 2081 462 2118 tum
484 2069 548 2118 est
570 2070 699 2133 supra
722 2086 751 2117 n
772 2087 783 2117 ε
809 2074 891 2130 48,
925 2069 1051 2132 quod
1089 2069 1384 2130 ordinationes
1423 2068 1630 2113 omnium
1654 2066 1876 2112 Gentium
1907 2067 1955 2112 δι
1980 2068 2261 2129 Populorum
2294 2072 2339 2117 in

359 2135 556 2185 Mundo
590 2134 804 2200 spirituali
846 2137 906 2182 ita
940 2133 1046 2182 visae
1087 2134 1187 2190 sint,
1224 2144 1274 2179 ut
1310 2131 1540 2195 sequitur:
1569 2132 1614 2178 in
1637 2131 1800 2178 Medio
1833 2131 2007 2178 colleffl
2045 2148 2345 2195 apparuerunt

2264 2203 2343 2263 qui

420 2337 492 2380 Ex
514 2339 737 2381 Axenus
758 2336 1090 2378 CoeLnsrnm-S.
1125 2337 1192 2389 (a)
1223 2333 1348 2386 Qod
1381 2332 1592 2388 duodecim
1621 2330 1815 2384 Discipuli
1846 2331 2014 2373 Domini
2042 2337 2346 2387 repraesentave-

361 2396 444 2448 rint
464 2394 686 2436 Ecclesiam
717 2394 846 2447 quoad
877 2392 1014 2434 omnia
1047 2392 1129 2432 veri
1163 2391 1203 2434 δι,
1238 2390 1352 2438 boni,
1383 2389 1449 2429 seu
1482 2388 1573 2428 fidei
1605 2387 1643 2428 &
1670 2389 1832 2436 amoris,
1864 2387 2040 2429 fimiliter
2067 2405 2114 2430 ac
2129 2393 2344 2444 duodecim

362 2452 517 2493 Tribus
553 2450 719 2500 Israelis,
749 2460 913 2504 n1217
948 2478 957 2488 .
996 2460 1122 2503 3354.
1156 2446 1282 2502 3488.
1317 2444 1442 2501 3858.
1477 2446 1603 2500 6397.
1664 2443 1787 2497 Qod
1819 2443 1972 2494 Petrus,
2002 2445 2248 2499 Jacobuss&
2267 2444 2343 2504 Jo-

362 2510 514 2551 hannes
533 2506 898 2562 repraesentaverint
917 2463 949 2546 ἓ
952 2505 1075 2554 idem,
1106 2503 1374 2551 Charitatem,
1406 2501 1445 2541 δε
1476 2501 1588 2542 Bona
1613 2500 1828 2550 charitatis,
1861 2515 1886 2541 n
1907 2515 1915 2541 :
1940 2516 1990 2556 37
1996 2517 2064 2557 50.
2109 2503 2247 2558 -Qod
2271 2502 2343 2548 pe-

364 2575 449 2607 trus
467 2564 625 2615 Fidem,
655 2578 709 2606 n:
728 2563 856 2621 4738.
874 2562 1002 2604 6000.
1021 2562 1148 2618 6073.
1172 2561 1299 2616 6344.
1322 2558 1473 2613 10087.
1499 2556 1652 2611 10580.
1712 2556 1835 2607 Qod
1858 2557 1976 2599 Petro
2004 2561 2083 2600 dati
2115 2561 2189 2603 fint
2219 2564 2344 2605 claves

365 2621 501 2678 Regni
527 2621 742 2670 coelorum,
774 2618 967 2674 significet
987 2619 1098 2672 quod
1114 2617 1244 2658 omnis
1265 2616 1442 2671 potentia
1459 2614 1504 2654 sit
1527 2612 1637 2654 Vero
1663 2627 1719 2654 ex·
1735 2615 1864 2664 Bono,
1897 2616 1962 2656 seu
1982 2616 2091 2657 Fidei
2123 2633 2175 2659 ex
2202 2619 2344 2660 Chari-

366 2689 450 2720 tate
478 2695 569 2735 quae
589 2693 643 2721 ex
663 2677 865 2726 Domino,
897 2677 954 2718 ita
986 2675 1093 2730 quod
1127 2674 1256 2716 omnis
1287 2671 1453 2726 potestas
1488 2669 1535 2711 fit
1564 2669 1768 2718 Domino,
1798 2685 1824 2711 n
1848 2685 1856 2711 :
1880 2672 2007 2726 6344.
2069 2672 2352 2727 Qod-Chvfi,

365 2735 414 2777 fit
431 2732 1130 2791 potestas-aperiendi&claudendi,
1164 2745 1191 2771 n
1209 2744 1219 2771 :
1238 2743 1382 2786 9410-
1425 2726 1550 2782 Qod
1571 2729 1701 2768 omnis
1732 2729 1907 2780 potentia
1939 2728 1984 2770 fit
2014 2730 2119 2772 bono
2149 2746 2217 2785 per
2234 2745 2342 2782 vera,

366 2794 433 2833 seu
463 2795 566 2835 veris
595 2807 651 2834 ex
681 2793 806 2841 bono,
833 2805 932 2845 ‚quae
957 2788 1213 2838 a-Domino,
1244 2801 1300 2827 n:
1323 2798 1453 2842 3091.
1477 2785 1601 2839 3563.
1622 2785 1746 2839 6344.
1770 2784 2044 2840 64136948.
2068 2787 2192 2829 8200.
2216 2787 2343 2842 8304.

368 2861 496 2903 9327.
526 2863 652 2905 94¹0·
685 2850 770 2905 963
803 2879 813 2890 .
846 2848 975 2905 9643.
1002 2859 1153 2902 10019.
1176 2845 1327 2887 10182.
1388 2841 1511 2901 Qod
1534 2841 1653 2882 Petra
1678 2843 1718 2881 in
1741 2840 1877 2898 Verbo
1905 2841 2096 2896 significet
2113 2842 2344 2887 Dominum

369 2906 502 2956 quoad
529 2906 728 2947 Divinum
792 2899 924 2954 erum,
956 2919 982 2945 n
1005 2918 1013 2945 :
1037 2902 1165 2958 8581.
1186 2902 1338 2956 10580.
1396 2898 1520 2952 Qod
1548 2898 1681 2939 omnia
1704 2897 1883 2939 Nomina
1902 2900 2152 2951 personarum
2175 2898 2214 2939 ὅτ
2234 2899 2346 2942 loco-

366 2974 465 3001 num,
492 2961 534 3000 in
568 2961 706 3003 Verbo
738 2961 962 3018 fignifi‘cent
993 2975 1052 3002 res
1085 2959 1124 3001 δε
1155 2959 1292 3009 status,
1325 2971 1351 2998 n
1373 2971 1383 2997 ε
1407 2955 1504 3013 768.
1538 2955 1659 2998 1888.
1695 2969 1823 3010 4310.
1856 2968 1982 3008 4442.
2010 2967 2160 3009 10329.
2221 2955 2346 3010 Qud

359 3015 551 3058 ‘Nomina
585 3016 750 3059 illorum.
775 3033 865 3060 non.
887 3019 1037 3059 intrent
1070 3016 1240 3066 coelum,
1273 3015 1335 3056 sed
1368 3022 1574 3054 vertantur
1609 3014 1650 3053 in
1685 3026 1743 3052 res
1776 3025 1870 3064 quas
1905 3009 2136 3064 fignfficant‚
2170 3010 2208 3052 &
2240 3017 2354 3067 quod*

371 3073 538 3115 nornina
572 3072 739 3113 illorum⁴
762 3087 837 3113 nee
871 3074 1072 3115 enuntiari
1105 3075 1248 3126 poffint
1281 3073 1322 3111 in
1344 3071 1479 3120 Coelo,
1509 3084 1536 3111 n
1557 3083 1567 3109 t
1588 3069 1710 3125 1878.
1729 3071 1855 3122 5225.
1878 3066 2002 3120 6516.
2023 3067 2174 3108 10216.
2195 3071 2346 3114 10282.

372 3130 513 3183 Quam
551 3129 713 3184 elegans
749 3128 875 3168 sensus
915 3130 1093 3172 internus
1125 3128 1252 3170 Verbi
1291 3128 1358 3170 ubi
1402 3140 1509 3169 mera
1543 3124 1743 3173 Nomina,
1789 3121 2030 3164 illustratum.
2057 3124 2107 3164 ab
2142 3128 2359 3181 exemplis„

346 3202 435 3234 ,κ
453 3199 576 3245 1224.
603 3187 728 3240 1264.
756 3184 881 3230 1888,
1223 3189 1231 3193 '
2153 3193 2189 3236 3,
