2632 3516
247 234 316 287 16
447 222 945 285 DOCTRINA
981 221 1260 282 NOVAE
1302 224 2025 288 HIEROSOLYMAE

179 349 186 386 ¹³
243 353 461 415 virgines,
495 350 599 412 quia
629 348 755 398 vituli
787 346 836 398 ἃ
857 348 998 397 boves
1033 347 1339 411 significabant
1369 351 1695 410 affectiones&
1718 357 1833 406 vires
1857 357 2064 406 naturalis
2080 355 2222 405 homi-

243 418 334 474 niS,
371 414 589 477 serpentes
606 415 888 476 prudentiam
914 411 1113 462 sensualis
1143 415 1361 473 hominis,
1397 418 1521 480 pueri
1539 419 1839 471 innocentiam
1862 422 1910 470 δι
1931 422 2217 480 charitatem,

243 481 366 529 senes
403 479 685 542 sapientiam,
720 478 769 528 ἃ
791 480 987 542 virgines
1012 478 1271 530 affeffiones
1304 483 1426 540 veri,
1461 482 1509 532 δι
1538 484 1599 533 fic
1619 501 1765 549 porro.
1818 486 2010 543 Posteni,
2044 487 2222 549 quando

242 543 439 595 Scientia
473 544 960 607 correspondentiarum
992 546 1224 594 obliterata
1262 544 1353 603 est,
1388 562 1612 610 caeperunt
1643 550 1858 616 imagines
1893 551 1941 599 δι
1963 550 2222 600 simulachra

243 612 300 659 ab
335 610 544 673 Antiquis
574 608 741 672 p'ofita,
776 609 879 672 quia
906 609 952 657 in
977 609 1205 672 Templis,
1239 609 1289 659 δι
1312 612 1439 675 juxta
1459 615 1556 675 illa,
1588 617 1734 664 colere
1757 630 1803 665 ut
1830 615 2017 674 saneta,
2053 616 2103 664 δι
2127 628 2222 664 tan-

243 677 350 725 dem
371 687 419 723 ut
440 675 656 723 Numina.
692 676 902 724 Similiter
925 675 1042 736 apud
1065 676 1170 723 alias
1186 688 1364 739 gentes,
1377 676 1486 726 sicut
1506 681 1624 743 apud
1635 680 1909 730 Philisthaeos
1928 683 1974 730 in
1985 679 2224 729 Asthdodo

164 782 166 784 ,
245 743 439 804 Dagon,
474 740 533 788 de
561 756 650 803 quo
677 741 699 787 Ι
728 741 848 788 Sam.
873 740 939 788 V.
969 755 989 786 1
1018 740 1076 787 ad
1096 739 1186 788 fin:
1219 741 1293 802 qui
1314 740 1507 804 superius
1540 744 1626 793 fuit
1644 745 1754 794 ficut
1771 747 1936 804 homo,
1969 745 2150 795 inferius
2172 743 2223 793 fi-

244 819 320 856 cut
343 804 469 866 piscis
487 841 501 863 ,
537 821 633 868 quae
650 805 800 867 imago
819 805 1002 853 inventa
1023 803 1133 861 fuit,
1167 805 1270 867 quia
1289 805 1427 854 homo
1442 807 1671 871 ‚fignificat
1690 810 2049 873 intelligentiam,
2072 808 2121 858 δι
2136 807 2224 870 pis-

243 872 310 921 cis
334 870 560 919 scientiam
575 904 589 926 ,
627 886 722 932 quae
745 885 877 917 unum
903 869 1084 917 faciunt.
1117 869 1230 916 Inde
1251 881 1347 918 erat
1365 883 1540 933 quoque
1557 866 1762 936 An'tiquis
1788 877 1927 922 cultus
1955 876 2000 922 in
2019 871 2222 924 hortis&

244 938 292 985 in
310 938 416 984 lucis
441 934 680 982 secundum
703 936 908 983 arborum
935 933 1125 994 species,
1162 945 1257 982 tum
1281 935 1418 983 etiam
1440 937 1565 998 super
1584 938 1805 986 montibus
1826 936 1875 986 &
1893 939 2101 996 collibus3
2117 938 2219 986 hor-

243 1001 278 1049 ti
300 1002 436 1048 emim
458 999 610 1047 &luci
635 999 935 1060 fignificabant
959 998 1219 1060 sapientiam
1254 998 1302 1047 δι
1334 1001 1697 1065 intelligentiam,
1730 1002 1781 1051 &
1810 1002 2062 1066 unaquaevis
2087 1002 2219 1050 arbor
2268 1044 2275 1049 ,
2348 1006 2354 1011 ’

244 1065 407 1127 aliquid
430 1066 600 1113 illarum
614 1101 627 1121 ,
663 1064 774 1112 ficut
794 1065 897 1113 olea
918 1066 1084 1112 bonurn
1103 1065 1265 1112 amoris
1283 1101 1295 1119 ,
1329 1065 1437 1113 vitis
1459 1081 1614 1115 verum
1633 1084 1689 1116 ex
1706 1068 1781 1117 illo
1802 1069 1947 1125 bono,
1961 1067 2119 1115 cedrus
2139 1068 2218 1114 bo-

243 1145 350 1179 num
373 1128 421 1178 ἃ
445 1144 600 1176 verum
625 1130 863 1186 rationale,
898 1127 947 1177 &
969 1144 1094 1177 mons
1117 1128 1392 1192 significabat
1415 1131 1572 1179 caelum
1597 1132 1847 1194 supremum
1863 1169 1876 1187 ‚
1911 1131 1959 1179 &
1986 1131 2107 1179 collis
2130 1146 2216 1178 cae-

243 1193 347 1244 lum*
359 1194 435 1242 sub
456 1193 538 1241 illo
584 1194 720 1260 Quod
743 1194 935 1242 Scientia
953 1193 1436 1257 correspondentiamm
1455 1197 1740 1258 permanserit
1761 1196 1878 1260 apud
1898 1197 2037 1259 plures
2054 1194 2217 1244 Orien-

243 1262 352 1310 tales
389 1260 522 1322 usque
553 1260 609 1307 ad
644 1260 887 1308 adventum
917 1259 1132 1315 Domini,
1167 1257 1368 1308 constare
1389 1260 1535 1322 potest
1562 1277 1617 1311 ex
1639 1262 1918 1324 Sapientibus
1940 1260 1993 1308 ab
2015 1259 2215 1317 oriente,

246 1326 321 1388 qui
351 1338 568 1373 venerunt
596 1324 651 1372 ad
686 1324 934 1372 Dominum
957 1339 1061 1372 cum
1085 1335 1211 1371 natus
1231 1322 1322 1382 est,
1357 1340 1493 1387 quare
1515 1326 1597 1374 illis
1621 1327 1795 1388 praeivit
1816 1325 1966 1384 stella,
1999 1324 2048 1372 ἃ
2069 1324 2130 1371 illi
2149 1324 2216 1371 se·
2248 1361 2250 1364 ,

193 1401 195 1403 ·
245 1405 352 1439 cum
387 1391 577 1437 tulerunt
606 1390 751 1446 dona,
787 1389 984 1446 Aurum,
1021 1387 1154 1436 Thus
1184 1386 1236 1436 &
1258 1389 1521 1452 Myrrham,
1555 1391 1727 1447 Matth‚
1749 1392 1808 1439 11.
1833 1406 1873 1440 1.
1895 1405 1937 1438 2.
1961 1403 2004 1449 9.
2034 1403 2107 1436 10.
2133 1403 2216 1447 11,

245 1456 382 1504 Stella
409 1453 556 1512 enim,
591 1469 690 1515 quae
714 1453 917 1516 praeivit,
958 1452 1236 1517 fignificabat
1259 1455 1562 1517 cognitionem
1589 1471 1615 1503 e
1635 1456 1786 1516 Caelo,
1821 1469 1974 1504 aurum
1997 1452 2217 1517 fignifica-

243 1521 321 1570 bat
341 1520 520 1568 -bonurn
556 1517 754 1578 caeleste,
790 1518 889 1567 thus
922 1520 1089 1568 bonum
1119 1519 1363 1581 spirituale,
1401 1519 1450 1568 ἃ
1480 1520 1657 1584 myrrha
1691 1522 1858 1570 bonum
1900 1521 2120 1573 naturale,
2155 1532 2213 1566 ex

243 1585 400 1649 quibus
434 1585 571 1632 tribus
603 1583 669 1632 est
698 1584 842 1632 omnis
872 1586 1026 1634 cultus,
1061 1585 1150 1632 Sed
1170 1584 1301 1646 usque
1322 1585 1516 1633 Scientia
1537 1585 2020 1646 correspondentiarum
2042 1581 2213 1644 prorsus

243 1652 359 1699 nulla
384 1649 468 1697 fuit
485 1650 605 1709 apud
625 1663 806 1713 gentem
833 1649 1113 1698 Israeliticam
1135 1648 1181 1696 ἃ
1205 1648 1439 1709 Judaicam
1453 1687 1463 1706 ‚
1500 1648 1671 1705 tametsi
1690 1651 1840 1696 omnia
1861 1647 2210 1702 cultusillorum,

198 1722 201 1725 ’
245 1715 295 1763 ἃ
326 1717 475 1762 omnia
514 1715 676 1775 judicia
707 1715 753 1762 ἃ
788 1713 947 1762 statuta
972 1715 1053 1761 illis
1077 1729 1156 1773 per
1179 1713 1337 1759 Mosen
1362 1713 1491 1769 data,
1527 1712 1575 1761 ἃ
1597 1714 1747 1761 omnia
1770 1713 1911 1761 Verbi
1934 1725 2056 1760 erant
2077 1725 2211 1758 merae

195 1781 200 1827 1
244 1779 672 1840 correspondentiae:
707 1780 838 1828 causa
870 1791 991 1831 erat,
1027 1779 1128 1838 quia
1163 1777 1224 1823 illi
1255 1779 1390 1825 corde
1422 1776 1666 1825 idololatrae
1697 1793 1842 1828 erant.
1881 1777 1929 1824 ἃ
1957 1777 2065 1824 tales
2087 1789 2132 1821 ut
2153 1791 2210 1822 ne

244 1845 426 1907 quidem
460 1843 570 1890 scire
597 1843 784 1896 vellent,
821 1842 937 1902 quod
970 1841 1129 1902 aliquid
1161 1843 1297 1894 cultus
1321 1841 1494 1889 illorum
1518 1842 1784 1906 significaret
1804 1840 1985 1889 Caeleste
2003 1839 2050 1888 ἀ
2074 1841 2209 1901 Spiri-

244 1910 394 1966 tuale3
427 1908 637 1954 volebant
661 1907 783 1954 enim
801 1918 848 1952 ut
867 1905 938 1952 illa
961 1907 1111 1953 omnia
1131 1905 1294 1953 Saneta
1311 1905 1446 1954 effeut
1467 1922 1521 1954 ex
1544 1910 1587 1955 se
1609 1907 1658 1956 ἃ
1683 1924 1786 1955 cum
1809 1909 1916 1965 illis;
1948 1920 2082 1968 quare
2103 1904 2135 1951 fi
2157 1905 2207 1951 il-

194 1978 196 1980 ’
249 1974 300 2023 lis
325 1971 514 2021 caelessia
549 1969 598 2020 &
621 1969 855 2033 spiritualia
873 1968 1051 2018 dete&a
1067 1968 1265 2028 fuiss'ent,
1301 1985 1390 2018 non
1411 1972 1548 2019 modo
1565 1971 1812 2033 rejeciss'ent
1839 1973 1937 2024 illa,
1970 1969 2042 2017 sed
2069 1971 2207 2015 etiarn

197 2044 203 2077 ῐ
247 2035 667 2103 prophanaviss'ent3
699 2048 965 2100 quapropter
994 2036 1160 2083 Caelum
1189 2036 1353 2090 illisita
1375 2036 1564 2084 clausum
1589 2037 1702 2093 fuit,
1741 2049 1787 2083 ut
1807 2035 1885 2082 vix
1908 2034 2068 2081 scirent
2087 2033 2206 2095 quod

243 2103 340 2152 vita
369 2114 532 2150 aeterna
565 2101 769 2161 daretur;
801 2102 920 2165 quod
951 2102 1012 2149 ita
1046 2100 1126 2155 fit,
1161 2100 1394 2149 manifeste
1415 2115 1537 2162 patet
1557 2116 1611 2151 ex
1634 2116 1715 2160 eo,
1748 2101 1867 2163 quod
1890 2113 1979 2146 non
1994 2096 2204 2160 agnosce-

242 2181 342 2216 rent
382 2166 656 2225 Dominum‚
687 2166 861 2216 tametsi
883 2166 1084 2216 universa
1114 2166 1341 2226 Scriptura
1362 2166 1482 2216 sacra
1510 2166 1569 2213 de
1591 2165 1691 2228 Ipso
1722 2163 2028 2228 prophetavit,
2064 2162 2112 2209 ἃ
2134 2163 2205 2223 lp·

241 2233 334 2282 sum
360 2232 589 2296 praedixit,
621 2231 870 2294 rejecerunt
886 2231 1032 2294 Ipsum
1056 2243 1237 2292 propter
1257 2230 1376 2278 illam
1398 2231 1533 2278 solam
1552 2230 1750 2287 causam,
1777 2230 1877 2292 quia
1901 2229 1993 2276 illos
2014 2226 2071 2274 de
2084 2227 2207 2289 Reg-

244 2314 304 2347 no
332 2296 514 2355 eaelesti,
552 2296 601 2344 δι
623 2312 712 2344 non
733 2297 790 2344 de
810 2297 977 2359 Regno
1005 2293 1194 2342 terrestri
1226 2295 1404 2353 docuit3
1438 2298 1670 2345 voluerunt
1704 2294 1822 2341 enirn
1859 2293 2095 2347 Meffiam,
2133 2289 2209 2352 qui

241 2364 338 2412 illos
360 2361 487 2425 super
503 2377 658 2410 ornnes
679 2374 835 2424 gentes
850 2363 904 2409 .in
926 2359 1127 2408 universo
1149 2359 1317 2406 mundo
1337 2361 1552 2421 exaltaret
1565 2397 1576 2418 ,
1591 2358 1637 2407 ἃ
1653 2375 1742 2407 non
1761 2359 1948 2420 aliquem
1967 2356 2179 2411 Meffiatn
2192 2358 2211 2413 ‚⁴

244 2430 321 2492 qui
340 2427 466 2476 saluti
489 2442 645 2476 eorum
667 2439 843 2475 aeternae
870 2425 1128 2475 consuleret.
1172 2425 1389 2473 Praeterea
1421 2424 1640 2473 affirmant
1658 2457 1674 2480 ‚
1710 2424 1829 2486 quod
1861 2422 2064 2470 Verbum
2094 2421 2138 2469 in
2166 2419 2211 2467 se

241 2493 468 2542 contineat
497 2493 638 2541 multa
668 2507 852 2549 areana,
881 2507 977 2554 quae
1006 2487 1192 2553 mystica
1211 2504 1449 2547 vocantur,
1484 2490 1557 2537 sed
1575 2505 1664 2537 non
1688 2488 1969 2536 scire'volunt
1991 2486 2110 2550 quod
2136 2483 2210 2535 illa
2254 2491 2258 2495 ’

241 2558 325 2607 fint
346 2558 402 2605 de
422 2557 651 2616 Domino;
683 2569 728 2606 at
751 2556 860 2605 scire
883 2559 1061 2611 volunt,
1096 2569 1201 2601 cum
1222 2553 1384 2603 dicitur
1408 2554 1524 2618 quod
1545 2554 1616 2602 illa
1639 2554 1721 2600 fint
1740 2553 1796 2601 de
1821 2567 1946 2600 auro.

311 2638 384 2682 24.
422 2622 558 2687 Quod
592 2621 789 2670 Scientia
819 2619 1329 2683 correspondentiarum,
1364 2636 1442 2681 per
1477 2635 1607 2681 quarn
1635 2618 1763 2666 datur
1790 2617 1946 2669 Sensus
1975 2615 2205 2679 spiritualis

241 2687 417 2746 Verbi,
453 2685 552 2749 post
577 2702 629 2734 ea
650 2698 852 2748 tempora
874 2701 961 2733 non
984 2683 1157 2735 detefita
1183 2683 1345 2742 fuerit,
1368 2684 1451 2732 fuit
1473 2684 1630 2740 causa,
1665 2683 1767 2744 quia
1791 2680 2027 2733 Christiani
2047 2682 2092 2730 in
2113 2682 2200 2741 pri-

240 2754 398 2801 mitiva
426 2750 856 2814 Ecclesiaperquam
883 2750 1100 2810 simplices
1126 2749 1326 2806 fuerunt,
1361 2762 1407 2796 ut
1432 2764 1583 2796 coram
1605 2749 1685 2796 illis
1705 2763 1791 2794 non
1814 2746 1967 2807 detegi
1988 2746 2201 2809 potuerit,

240 2830 344 2864 nam
372 2817 403 2864 fi
423 2815 600 2864 deteEta
615 2853 628 2875 ,
651 2816 730 2863 illis
751 2816 903 2863 nullius
923 2816 1017 2862 usus
1041 2812 1214 2872 fuisset,
1247 2828 1332 2861 nec
1348 2814 1682 2876 intelligeretur.
1714 2810 1817 2860 Post
1836 2812 2011 2860 illorum
2033 2818 2203 2871 tempo.-

239 2894 289 2925 ra
319 2883 490 2927 obortae
512 2882 606 2932 sunt
626 2882 820 2928 tenebrae
838 2881 964 2942 super
982 2877 1229 2927 universum
1251 2878 1543 2926 Christianum
1563 2881 1719 2927 orbern
1741 2893 1800 2927 ex
1824 2876 2044 2923 Dominio
2063 2887 2198 2936 papa-

242 2943 297 2999 li,
332 2943 382 2990 ἃ
412 2944 486 3004 qui
508 2961 561 2992 ex
582 2946 655 2994 illo
675 2946 797 3002 sunt,
833 2945 947 2993 &in
968 2944 1082 2993 falsis
1105 2943 1198 3006 ejus
1218 2943 1263 2991 se
1285 2943 1659 2992 confirmaverunt
1673 2979 1688 3001 ‚
1716 2949 1811 2991 ‘non
1829 2940 1999 3003 poss‘unt
2019 2953 2100 2986 nec
2123 2949 2202 2982 vo·

177 3028 183 3065 χ
240 3006 336 3055 lunt
364 3020 523 3079 capere
559 3010 732 3069 aliquod
762 3010 1004 3072 spirituale,
1038 3010 1099 3058 ita
1121 3008 1224 3070 quid
1258 3009 1645 3072 correspondentia
1677 3007 1936 3055 naturalium
1959 3017 2057 3052 cum
2078 2998 2200 3061 spiri·

229 3071 425 3119 -tualibus
455 3084 501 3116 11¹
529 3069 712 3128 Verbo,
748 3074 808 3122 fic
836 3075 957 3123 enim
987 3075 1380 3133 convincerentur,
1415 3075 1534 3137 quod
1559 3073 1708 3121 Petrus
1723 3085 1811 3130 non
1830 3067 2093 3128 intelligatur
2119 3077 2198 3124 per

234 3135 443 3196 Petrum,
477 3131 553 3204 sed
573 3133 791 3189 Dominus
814 3152 861 3190 ut
880 3141 1038 3202 Petra3
1072 3137 1121 3190 δι
1140 3152 1313 3203 quoque
1335 3140 1732 3198 convincerentur,
1765 3135 1884 3200 quod
1914 3130 2114 3183 Verbum
2130 3125 2198 3240 ulg

1573 3208 1592 3228 .-
2109 3207 2165 3257 qu
