2502 3432
517 164 630 226 Da
668 158 1279 227 TELLURIBUS
1333 180 1420 224 lN
1468 157 1979 232 UNIVERSO.
2196 172 2240 235 9

253 289 428 347 dendo,
463 288 708 354 cogioendo
734 287 1062 351 ¹loquendoque
1083 289 1387 352 promptiores
1425 302 1547 336 erant
1568 289 1819 352 prioribus:
1867 302 1974 335 cum
1999 295 2236 354 venerunt,

258 357 382 404 illico
417 353 726 419 percurrebant
758 353 832 400 illa
862 369 970 417 quae
1007 354 1054 400 in
1093 351 1324 400 Memoria
1362 370 1461 401 mea
1492 367 1633 410 erant,
1678 354 1751 400 sed
1787 370 1894 416 quae
1922 350 2234 405 observabant,

257 437 349 469 non
370 422 652 484 appercipere
672 420 800 482 potui
818 419 879 466 ob
894 420 1303 482 promptitudinem
1328 418 1540 473 illorum;
1566 419 1800 464 audiebam
1816 419 1999 465 subinde
2015 417 2232 470 dicente&

255 487 382 550 quod
402 485 487 532 tale
507 485 594 541 fit3
622 484 677 531 ad
701 484 775 531 illa
795 500 902 547 quae
923 485 1123 532 videram
1149 485 1194 531 in
1229 484 1360 531 coelis
1391 485 1440 530 δε
1466 485 1511 529 in
1538 482 1713 529 mundo
1735 484 1989 544 spirituum,
2028 481 2238 529 dicebant

253 552 299 601 se
329 551 450 614 prius
489 551 636 598 nosse:
685 550 986 614 percipiebam
1019 550 1146 611 quod
1191 549 1440 596 multitudo
1473 548 1709 612 spirituum
1749 547 1835 594 illis
1874 548 2229 595 consociatorum

255 616 358 668 tffet
377 632 404 664 a
425 629 556 678 tergo
576 615 712 679 paulo
734 616 789 663 ad
813 616 1035 664 sinistrum
1061 617 1106 662 in
1130 616 1264 678 plano
1286 616 1505 679 occipitis.
1951 649 1953 651 >

279 698 398 735 „22.
431 683 544 729 Alio
577 686 780 746 tempore
803 681 902 728 vidi
937 681 1280 729 multitudinem
1314 681 1473 728 talium
1511 679 1767 743 spirituum,
1808 677 1880 726 sed
1913 678 1967 724 ad
1993 677 2233 741 aliqualem

251 746 502 799 distantiam
525 763 551 794 a
573 763 664 805 me,
697 748 948 795 antrorsum
972 748 1109 811 paulo
1141 748 1196 795 ad
1221 748 1451 803 dextrum,
1493 746 1542 793 &
1566 747 1671 793 inde
1695 745 1995 808 loquebantur
2029 759 2230 798 mecum,

250 812 326 861 sed
347 828 426 878 per
447 812 626 876 spiritus
654 813 942 862 intermedios
962 836 976 869 ;
1022 830 1127 861 nam
1160 814 1339 876 loquela
1359 829 1519 860 eorum
1550 825 1644 859 tam
1668 814 1753 858 cita
1776 810 1839 857 est
1862 811 1975 856 ficut
1996 811 2230 873 cogitatio,

250 894 358 941 quae
387 880 434 926 in
457 879 683 942 loquelam
718 880 962 927 humanam
995 896 1087 927 non
1127 881 1264 935 cadit,
1304 879 1384 926 nisi
1421 877 1720 925 mediantibus
1754 877 1846 923 aliis
1881 874 2142 939 spiritibus;
2182 877 2231 923 &

248 944 374 1006 quod
398 946 585 992 miratus
614 945 730 1002 sum,
766 946 1063 1009 loquebantur
1085 945 1374 1001 volumatim,
1411 946 1461 992 &
1495 943 1632 1007 usque
1668 954 1995 1005 tamprompte
2032 943 2081 989 ὅτ
2105 943 2234 989 cito:

247 1011 631 1072 appercipiebatur
664 1012 856 1074 loquela,
897 1013 1003 1076 quia
1031 1012 1235 1076 plurium
1269 1010 1417 1067 fimul,
1452 1023 1505 1057 ut
1537 1009 1849 1057 undulatoria:
1886 1010 1935 1055 ἃ
1975 1008 2102 1071 quod
2134 1023 2229 1061 me·

247 1075 478 1131 motabile,
514 1076 743 1124 labebatur
777 1078 851 1125 illa
871 1077 1021 1125 versus
1045 1077 1266 1124 sinistrum
1292 1093 1447 1124 meum
1473 1077 1679 1132 oculum,
1715 1074 1886 1122 tametsi
1927 1074 1993 1120 illi
2021 1088 2144 1120 erant
2174 1074 2232 1121 ad

245 1139 491 1196 dextrum3
531 1142 662 1188 causa
691 1156 800 1200 erat,
833 1146 939 1207 quia
962 1142 1128 1190 sinister
1151 1144 1308 1191 oculus
1331 1142 1647 1207 correspondet
1669 1140 2004 1204 cognitionibus
2026 1156 2175 1186 rerum
2209 1157 2232 1185 a

246 1206 546 1259 matesialibus
580 1207 915 1265 abstrafitarum,
947 1213 1007 1256 ita
1047 1210 1208 1258 talibus
1247 1225 1354 1273 quae
1391 1209 1492 1256 sunt
1528 1208 1854 1270 intelligentiae,
1890 1207 2048 1253 dexter
2080 1219 2229 1253 autem

245 1270 404 1317 oculus
426 1271 586 1318 talibus
607 1289 714 1335 quae
743 1274 842 1320 sunt
864 1273 1086 1336 sapientiae
1103 1282 1124 1334 (
1129 1279 1205 1334 m).
1274 1275 1421 1322 Simili
1457 1274 1837 1338 promptitudine,
1871 1289 1963 1335 qua
1987 1273 2229 1335 loqueban-

245 1347 337 1391 tur,
376 1336 513 1382 etiam
536 1352 603 1384 res
636 1338 806 1384 auditas
830 1340 1147 1401 percipiebant,
1189 1341 1238 1386 δε
1277 1340 1336 1386 de
1374 1340 1462 1386 illis
1492 1338 1772 1401 judicabant,
1818 1338 2014 1386 dicendo
2048 1339 2136 1384 hoc
2169 1338 2230 1384 ita

244 1400 345 1458 effe,
379 1401 467 1448 hoc
490 1417 581 1449 non
605 1403 696 1458 ita·,
733 1400 956 1466 judicium
978 1420 1136 1451 eorum
1159 1404 1283 1467 quasi
1317 1403 1640 1451 instantaneum
1671 1404 1748 1450 est.
2228 1462 2230 1465 .

288 1482 392 1529 23.
426 1467 539 1528 Erat
562 1467 738 1532 spiritus
769 1485 827 1515 ex
858 1469 941 1516 alia
963 1470 1165 1526 Tellure,
1203 1471 1284 1532 qui
1320 1485 1427 1517 cum
1463 1470 1550 1516 illis
1581 1469 1736 1516 dextre
1765 1468 1892 1532 loqui
1915 1468 2082 1532 potuit,
2123 1469 2230 1531 quia

241 1544 456 1595 prompte
491 1533 542 1580 δε
581 1534 793 1589 celeriter,
841 1533 912 1580 sed
952 1538 1032 1597 qui
1063 1535 1295 1582 affestabat
1329 1537 1375 1581 in
1406 1535 1606 1582 sermone
1637 1535 1944 1597 elegantiam;
1992 1547 2229 1581 momento

236 1597 500 1658 judicabant
534 1597 591 1643 de
625 1598 712 1644 illis
749 1614 856 1659 quae
891 1600 927 1644 is
964 1600 1245 1661 loquebatur,
1298 1599 1494 1646 dicendo
1535 1600 1622 1646 hoc
1662 1601 1799 1646 nimis
1839 1600 2101 1662 eleganter·,
2143 1601 2230 1647 hoc

241 1660 379 1708 nimis
401 1660 537 1716 scite;
578 1661 638 1708 fic
671 1674 723 1709 ut
756 1663 899 1709 modo
932 1663 1225 1719 attenderent,
1261 1680 1376 1711 num
1411 1664 1583 1727 aliquid
1616 1665 1703 1712 illis
1727 1665 1934 1712 nondum
1974 1677 2137 1712 notum
2175 1666 2231 1712 ab

241 1742 297 1774 eo
326 1726 546 1783 audirent,
582 1724 822 1790 rejiciendo
851 1728 917 1793 fic
952 1729 1054 1776 talia
1088 1745 1193 1793 quae
1231 1729 1565 1786 inumbrabant‚
1621 1745 1727 1793 quae
1770 1730 1871 1777 sunt
1902 1731 2132 1794 praecipue
2163 1732 2230 1779 af-

237 1790 492 1840 fedtationes
515 1793 750 1856 elegantiae
782 1793 995 1843 sermonis
1019 1796 1068 1842 δε
1093 1796 1375 1853 eruditionis,
1422 1812 1525 1843 nam
1550 1796 1642 1843 illae
1676 1795 1788 1860 ipsas
1826 1813 1893 1843 res
1931 1796 2229 1854 abscondunt,

238 1855 292 1905 &
315 1857 419 1904 loco
451 1858 628 1906 illarum
670 1858 824 1906 fistunt
858 1877 1011 1918 voces,
1051 1878 1156 1925 quae
1190 1861 1291 1910 sunt
1328 1860 1491 1910 formae
1527 1878 1678 1910 rerum
1718 1863 1995 1918 materiales·,
2042 1863 2231 1927 loquens

237 1923 363 1970 enim
386 1925 432 1971 in
457 1924 543 1971 illis
563 1925 766 1972 animum
790 1939 927 1983 tenet,
958 1944 1008 1976 ac
1032 1928 1134 1975 vult
1158 1940 1209 1976 ut
1231 1945 1366 1976 voces
1387 1945 1485 1993 prae
1508 1928 1630 1977 sensu
1651 1945 1822 1978 vocum
1846 1929 2100 1988 audiantur,
2122 1931 2227 1978 inde

236 1989 432 2037 afficitur
454 1989 631 2053 alterius
664 1992 842 2039 auditus
874 1994 978 2056 plus
1011 2010 1149 2058 quam
1184 2010 1326 2042 mens.

308 2070 385 2115 24.
422 2056 614 2120 Spiritus
634 2058 830 2105 Telluris
854 2060 1075 2108 Mercurii
1100 2077 1190 2108 non
1216 2074 1450 2109 morantur
1484 2063 1531 2109 in
1568 2079 1660 2110 uno
1684 2062 1805 2123 Ιοεο,
1840 2063 1911 2110 seu
1947 2063 2062 2110 intra
2084 2076 2226 2111 caetus

237 2119 475 2184 spirituum
499 2125 633 2170 unius
661 2125 840 2181 mundi,
881 2126 952 2172 sed
982 2139 1205 2190 vagantur
1241 2144 1324 2191 per
1363 2129 1658 2185 universum3
1706 2127 1830 2176 causa
1865 2129 1945 2185 est,
1986 2130 2091 2193 quia
2116 2130 2224 2177 Me·

237 2187 430 2234 moriam
469 2205 618 2236 rerum
644 2188 855 2247 referunt,
900 2209 1006 2255 quae
1036 2195 1649 2257 continue-locupletabitur-,
1696 2195 1800 2242 inde
1839 2195 1924 2242 illis
1962 2195 2225 2243 conceditur

237 2251 579 2316 circumvagari,
603 2256 652 2302 δε
676 2256 754 2302 fibi
778 2259 1058 2320 cognitiones
1082 2259 1231 2307 ubivis
1252 2263 1490 2324 acquirere.
1561 2263 1685 2308 Cum
1715 2263 1774 2308 ita
1796 2262 2149 2324 peregrinantur,
2191 2262 2224 2308 fi

238 2316 476 2365 offendunt
500 2321 706 2380 SpirituS,
738 2325 818 2382 qui
843 2325 1101 2377 materialia,
1138 2326 1224 2371 hoc
1258 2326 1338 2380 est,
1376 2342 1590 2387 corporea
1623 2329 1670 2372 ἃ
1697 2326 1911 2373 terrestria
1934 2338 2103 2380 amant,
2145 2341 2220 2373 eos

239 2378 439 2441 fugiunt,
464 2383 592 2443 seque
616 2381 854 2429 conferunt
881 2386 987 2431 illuc
1012 2387 1089 2431 ubi
1113 2389 1213 2433 talia
1235 2403 1327 2433 non
1350 2390 1550 2434 audiunt.
1621 2389 1803 2434 Exinde
1840 2388 2035 2434 constare
2057 2390 2220 2453 potest,

235 2445 362 2508 quod
399 2446 573 2492 animus
596 2463 754 2494 eorum
787 2449 982 2496 elevatus
1022 2450 1075 2498 fit
1114 2450 1243 2514 supra
1266 2452 1488 2509 sensualia,
1528 2454 1577 2499 δε
1611 2452 1672 2498 fic
1696 2452 1822 2515 quod
1863 2454 1908 2500 in
1949 2453 2121 2501 lumine
2149 2456 2219 2503 in·

237 2512 386 2557 teriori
425 2511 538 2559 sint:
586 2512 672 2560 hoc
694 2529 876 2577 quoque
915 2516 1104 2563 dabatur
1140 2518 1365 2565 actualiter
1398 2519 1639 2581 percipere,
1681 2533 1787 2564 cum
1811 2534 1953 2582 prope
1979 2534 2052 2566 me
2075 2535 2215 2579 erant,

235 2577 285 2624 δε
326 2592 507 2623 mecum
541 2577 870 2641 loquebar-itum
917 2583 1211 2631 animadverti
1258 2597 1383 2640 tunc,
1425 2583 1554 2647 quod
1594 2583 1839 2630 abducerer
1871 2602 1895 2631 a
1930 2584 2218 2647 sensualibus,

232 2641 375 2754 1[iisque
420 2643 532 2691 adeo
571 2657 623 2691 ut
659 2646 870 2710 inciperet
909 2647 1064 2696 lumen
1104 2650 1344 2698 oculorum
1386 2665 1594 2699 meorum
1646 2649 1839 2698 hebetari
1886 2652 1933 2698 δι
1974 2651 2216 2703 obscurum

270 2725 346 2756 eri.
1122 2751 1126 2755 .
1925 2757 1935 2762 ἣ

302 2791 379 2837 25.
415 2775 606 2838 Spiritus
629 2777 824 2825 Telluris
846 2777 965 2826 illius
988 2780 1160 2828 vadunt
1179 2798 1263 2845 per
1284 2783 1489 2831 cohortes
1513 2782 1562 2830 δε
1586 2781 1828 2846 phalanges
1848 2804 1863 2840 3
1896 2782 1950 2831 ὅτ
1970 2798 2081 2832 cum
2105 2800 2214 2833 con-

1210 2849 1249 2894 B
1567 2876 1572 2878 ἡ
2043 2853 2218 2914 gregati

288 2987 377 3043 (m)
409 2986 532 3041 Qod
562 2988 705 3030 oculus
732 2990 1034 3044 correspondeat
1070 2989 1313 3042 Intellefiui,
1348 2993 1440 3047 quia
1474 2992 1704 3034 Inteueetus
1736 2992 1794 3035 est
1825 2994 1927 3036 visus
1966 2997 2146 3040 internus
2173 3001 2214 3043 δι

237 3056 371 3085 rerum
393 3059 475 3086 non
506 3046 792 3095 materialium,
838 3062 867 3089 n
888 3062 897 3088 :
919 3061 1047 3105 2701.
1079 3062 1210 3102 4410·
1243 3050 1375 3106 4526.
1407 3063 1538 3106 9051.
1574 3051 1732 3108 10569.
1790 3049 1914 3105 Qod
1955 3053 2055 3095 visus
2079 3057 2205 3097 Oculi

196 3161 206 3166 ‚
234 3098 706 3215 {gpeigtriiaecogresgqqsseat
736 3105 856 3157 veris,
890 3105 945 3148 ita
970 3105 1263 3163 intelligentiae,
1303 3108 1343 3150 δι
1376 3109 1479 3152 visus
1509 3108 1616 3151 oculi
1642 3108 1772 3152 dextri
1794 3106 1906 3154 bonis
1938 3112 2039 3162 veri,
2071 3113 2125 3155 ita
2155 3117 2211 3155 sa-

398 3186 414 3208 ,
505 3191 514 3200 ·
655 3192 665 3204 ⁹
