2502 3432
345 218 442 280 40
657 193 816 261 DE
893 192 1404 262 UL‘TIMO
1473 197 2017 289 Jumclo·

341 320 536 374 externo
551 323 826 386 ‘obtexerunt
844 346 862 382 ς
895 324 996 374 haec
1027 327 1132 391 quia
1165 338 1274 376 tunc
1304 340 1562 392 patuerunt,
1600 343 1919 396 apperceptum
1952 332 2031 390 est,
2067 333 2191 397 quod
2217 331 2330 382 ultra

347 390 588 438 dimidiam
622 402 794 455 partem
818 407 875 439 ex
898 391 1001 450 illis,
1035 395 1115 457 qui
1137 393 1462 457 usurpaverunt
1485 396 1746 458 potestatem
1770 399 1994 460 aperiendi
2019 400 2073 446 &³
2090 399 2328 446 claudendi

347 456 542 513 coelum,
586 457 764 521 prorsus
805 458 944 506 Athei
987 458 1102 515 fint;
1147 458 1219 506 sed
1263 461 1370 522 quia
1411 462 1562 508 animo
1606 463 1763 510 inlidet
1808 464 2064 511 dominatus
2102 465 2243 528 qualis
2283 465 2329 511 in

345 523 541 580 munde,
575 524 626 572 δε
657 524 730 571 ille
768 522 983 571 fundatur
1021 524 1148 588 super
1181 541 1238 572 eo
1275 526 1512 589 principio,
1547 529 1671 591 qnod
1698 530 1902 577 Domino
1923 528 2054 577 fuerit
2077 533 2225 578 omnis
2249 545 2332 594 po·

347 588 478 636 testas
498 589 588 652 Ipsi
619 589 722 639 data
751 605 777 636 a
800 589 950 646 Patre,
985 606 1036 638 ac
1074 591 1148 638 illa
1186 592 1384 639 transsata
1421 593 1465 639 in
1492 595 1695 650 Petrum,
1733 597 1782 642 &
1807 611 1886 658 per
1909 594 2181 644 successionis
2205 597 2328 643 ordi·-

344 670 453 702 nem
475 655 521 702 in
546 655 773 703 Primores
795 655 1024 712 Eccleliae,
1058 657 1163 704 ideo
1200 655 1409 721 adjuntsta
1443 659 1657 706 atheismo
1679 674 1835 708 eorum
1864 675 2091 724 permanet
2115 660 2326 709 confeffio

344 720 479 768 oralis
513 720 571 768 de
595 722 834 774 Domino;
870 721 943 767 sed
979 721 1066 769 hoc
1100 722 1239 785 usque
1274 738 1367 770 non
1402 723 1589 788 diutius,
1624 741 1762 788 quam
1796 727 1908 773 dum
1933 742 2012 789 per
2035 728 2080 774 id
2106 730 2150 774 in
2173 728 2324 790 aliquo

343 787 556 834 dominio
601 786 733 833 sunt:
783 786 942 848 reliqui
980 798 1149 842 autem,
1199 788 1281 850 qui
1324 803 1415 836 non
1451 789 1596 836 Athei
1642 791 1758 847 sunt,
1810 803 1902 838 tam
1942 794 2071 840 vacui
2108 793 2224 846 sunt,
2276 805 2326 840 ut

342 851 523 915 prorsus
547 850 658 898 nihil
679 851 817 899 sciant
837 851 895 899 de
917 852 1009 899 vita
1033 852 1242 916 spirituali
1258 853 1469 910 hominis,
1505 856 1563 903 de
1580 856 1740 903 mediis
1763 855 2028 914 salvationis,
2061 859 2118 905 de
2143 859 2326 906 Divinis

340 918 475 965 Veris
505 933 613 981 quae
643 918 819 966 ducunt
839 918 897 965 ad
921 917 1113 975 coelum,
1148 935 1229 966 nec
1252 919 1419 983 aliquid
1441 921 1496 968 de
1518 921 1688 969 coelesti
1711 922 1801 968 fide
1825 923 1873 969 δι
1893 937 2061 980 amore,
2096 926 2324 971 credentes

339 984 519 1032 coelurn
542 985 703 1042 cuivis,
738 983 1059 1048 qualiscunque
1081 984 1161 1042 est,
1190 985 1356 1037 *donari
1379 987 1500 1050 poffe
1521 1003 1579 1034 ex
1601 989 1745 1050 gratia
1769 988 2017 1035 Pontificis.
2087 990 2323 1052 Qoniam

339 1049 643 1114 unusquisque
678 1053 724 1098 in
760 1050 892 1098 simili
923 1051 1016 1099 vita
1046 1050 1110 1099 est
1142 1052 1189 1099 in
1212 1052 1399 1101 Mundo
1429 1051 1658 1116 spirituali,
1694 1055 1739 1101 in
1778 1054 1900 1117 quali
1940 1052 2027 1100 fuit
2065 1056 2109 1101 in
2135 1056 2323 1102 Mundo

338 1117 546 1174 naturali,
581 1132 688 1164 curn
713 1116 836 1165 nulla
854 1116 1108 1165 differentia
1129 1119 1350 1180 quamdiu
1374 1134 1464 1166 non
1488 1118 1589 1167 sunt
1611 1119 1684 1166 vel
1717 1119 1762 1166 in
1787 1119 1924 1166 Coelo
1947 1121 2020 1165 vel
2053 1121 2098 1166 in
2122 1119 2319 1176 inferno,

338 1194 392 1230 ut
432 1182 655 1230 ostensum
695 1184 903 1230 videatur
941 1186 987 1231 in
1025 1184 1176 1246 Opere
1216 1184 1272 1231 de
1311 1184 1449 1231 Coelo
1485 1185 1535 1232 ὅτ
1574 1183 1769 1242 Inferno,
1806 1201 1865 1233 n:
1893 1202 1986 1247 453
2023 1185 2078 1231 ad
2101 1190 2235 1245 4803
2270 1188 2320 1234 &

338 1250 444 1312 quia
482 1250 693 1296 Mundus
739 1249 973 1314 spiritualis
1015 1249 1171 1312 quoad
1215 1262 1446 1298 externam
1492 1253 1793 1314 apparentiam
1842 1250 2019 1312 prorsus
2065 1251 2238 1297 similis.
2258 1251 2322 1298 est

338 1313 527 1362 Mundo
561 1314 763 1371 naturali,
800 1331 976 1378 n2170
999 1316 1056 1362 ad
1087 1316 1193 1377 176,
1231 1316 1332 1362 ideo
1369 1316 1454 1362 illis
1491 1317 1646 1362 similis
1685 1316 1748 1362 est
1785 1316 1878 1362 vita
1923 1316 2100 1362 moralis
2140 1317 2188 1363 δε
2227 1318 2324 1363 vita

332 1380 498 1435 civilis,
534 1381 759 1443 imprimis
790 1381 945 1427 similis
967 1381 1133 1434 cultuS,
1169 1382 1274 1443 quia
1297 1381 1371 1427 ille
1394 1381 1652 1427 irradicatur
1675 1382 1724 1427 &
1749 1381 1935 1428 inhaeret
1959 1380 2132 1428 homini
2156 1383 2200 1427 in
2223 1380 2316 1445 ejus

333 1446 524 1499 intimis,
560 1461 641 1492 nec
681 1445 738 1491 ab
773 1445 851 1491 illo
887 1446 1047 1508 aliquis
1084 1443 1185 1508 post
1223 1459 1417 1493 mortem
1455 1446 1618 1493 abduci
1657 1446 1818 1509 potest,
1855 1447 1887 1493 fi
1910 1462 2002 1494 non
2034 1448 2080 1494 in
2113 1447 2233 1494 bono
2264 1463 2321 1495 ex

331 1512 450 1558 veris
470 1510 534 1558 est
554 1511 603 1558 &
628 1513 674 1558 in
699 1511 814 1558 veris
836 1526 892 1558 ex
917 1511 1066 1558 bono:
1103 1511 1202 1558 haec
1226 1524 1378 1558 autem
1401 1512 1544 1568 Gens,
1581 1513 1637 1559 de
1674 1528 1762 1575 qua
1798 1527 1918 1559 nunc
1951 1513 2116 1575 agitur,
2151 1515 2319 1579 aegrius

330 1592 471 1640 quam
494 1577 679 1640 reliquae
701 1590 855 1640 gentes
881 1593 907 1623 a
929 1577 1008 1624 suo
1042 1577 1168 1623 cultu
1204 1577 1368 1623 abduci
1403 1578 1562 1640 potest,
1598 1579 1705 1639 quia
1745 1594 1836 1624 non
1874 1581 1920 1624 in
1957 1578 2079 1625 bono
2112 1594 2168 1626 ex
2201 1581 2317 1626 veris

330 1642 451 1699 sunt,
487 1644 639 1689 minus
672 1645 718 1690 in
744 1645 859 1689 veris
891 1658 947 1688 ex
982 1642 1138 1696 bono;
1174 1641 1275 1687 sunt
1297 1643 1418 1687 enim
1443 1657 1545 1688 vera
1568 1642 1747 1688 illorum
1774 1658 1863 1688 non
1887 1658 1943 1688 ex
1965 1642 2136 1698 Venb0‚
2174 1645 2317 1691 modo

330 1720 489 1770 pauca,
537 1722 644 1770 quae
683 1705 1028 1753 falsificaverunt
1062 1721 1143 1768 per
1181 1706 1529 1769 applicationem
1565 1707 1620 1753 ad
1661 1708 1965 1762 dominarum,
2002 1707 2104 1755 inde
2127 1723 2207 1755 nec
2230 1709 2315 1757 illis

328 1773 524 1829 bonum,
559 1772 640 1819 nifi
673 1787 811 1835 quam
842 1771 1075 1835 spurium3
1112 1786 1216 1818 nam
1255 1771 1401 1834 qualia
1439 1772 1540 1819 sunt
1575 1788 1678 1820 vera
1717 1773 1799 1819 tale
1839 1773 1891 1819 fit
1930 1772 2119 1821 bonum.
2191 1775 2314 1823 Haec

330 1839 451 1886 dieta
483 1838 600 1895 sunt,
636 1850 688 1885 ut
711 1837 884 1894 sciatur,
919 1837 1044 1901 quod
1079 1837 1228 1884 cultus
1258 1834 1391 1899 hujus
1414 1838 1574 1885 Gentis
1597 1837 1773 1901 prorsus
1796 1838 1950 1885 similis
1973 1839 2026 1885 fit
2061 1841 2106 1886 in
2130 1840 2316 1888 Mundo

329 1903 560 1968 spirituali,
594 1904 738 1967 qualis
777 1902 866 1950 fuit
901 1904 947 1950 in
982 1903 1169 1950 Mundo
1205 1903 1403 1950 naturali.
1472 1904 1565 1950 His
1601 1905 1852 1966 praemiffis,
1888 1919 2008 1950 nunc
2049 1905 2219 1967 aliquid
2256 1906 2314 1953 de

326 1985 488 2019 eorum
510 1970 653 2017 Cultu
677 1970 756 2026 ibi,
791 1970 937 2032 deque
957 1985 1117 2016 eorum
1142 1969 1265 2025 Vita,
1302 1984 1550 2016 memorare
1572 1970 1710 2016 velim
1733 1988 1744 2016 :
1782 1969 2052 2031 Synedrium
2077 1970 2312 2033 quoddam

326 2036 512 2094 habent,
548 2036 651 2084 loco
675 2035 881 2097 Synedrii
912 2034 984 2082 seu
1007 2033 1266 2082 Confistorii
1299 2036 1345 2080 in
1370 2035 1538 2090 Roma,
1575 2034 1652 2081 ubi
1689 2035 1871 2081 illorum
1897 2036 2120 2083 Primores
2143 2052 2314 2083 conve-

326 2104 475 2160 niunt,
511 2103 560 2150 &
600 2101 850 2149 consultant
889 2101 946 2148 de
980 2101 1111 2148 variis
1149 2116 1255 2163 quae
1287 2099 1543 2162 Religionis
1582 2116 1741 2147 eorum
1782 2099 1898 2156 sunt,
1934 2101 2157 2163 imprimis
2196 2111 2310 2163 quo-

325 2170 473 2218 modo
513 2168 679 2232 vulgus
724 2167 971 2215 tenendum
1015 2166 1079 2214 est
1117 2167 1163 2213 in
1203 2181 1324 2213 caeca
1368 2165 1636 2222 obedientia,
1679 2168 1728 2213 &
1772 2166 2010 2228 quomodo
2053 2166 2310 2215 dominatus

322 2251 486 2284 veorum
508 2233 791 2297 ampliandus
813 2256 827 2289 ;
863 2233 990 2280 locus
1012 2231 1144 2295 hujus
1162 2231 1365 2295 Synedrii
1387 2230 1448 2279 est
1473 2231 1515 2277 in
1534 2231 1674 2293 Plaga
1699 2231 1975 2278 meridionali
1998 2230 2122 2290 iuxta
2144 2233 2307 2280 Orien-

326 2301 495 2350 talem:
532 2300 608 2348 sed
648 2316 740 2348 non
779 2300 914 2348 audet
951 2299 1128 2362 aliquis,
1163 2298 1244 2361 qui
1281 2299 1329 2344 in
1370 2297 1544 2344 mundo
1580 2296 1723 2343 fuerat
1751 2295 1978 2354 Pontifex,
2014 2298 2192 2357 intrare,
2227 2315 2310 2347 nec

321 2367 486 2430 aliquis
525 2367 606 2429 qui
639 2364 784 2413 fuerat
817 2364 1079 2420 Cardinalis,
1114 2363 1176 2410 ob
1215 2362 1390 2410 causam
1427 2363 1533 2426 quia
1570 2362 1728 2410 infidet
1770 2363 1932 2410 animis
1975 2379 2133 2410 eorum
2177 2364 2311 2412 instar

319 2433 598 2481 amitoritatis
634 2431 836 2488 Divinae,
888 2444 945 2476 ex
989 2443 1044 2476 eo
1082 2427 1209 2492 quod
1253 2428 1559 2492 arrogaverint
1603 2427 1683 2474 fibi
1732 2427 1994 2492 potestatem
2032 2429 2225 2477 Domini
2263 2431 2310 2478 in

327 2500 522 2555 mund0‚
564 2510 842 2561 quapropter
880 2496 1133 2559 utprimum
1178 2493 1221 2542 se
1255 2494 1410 2542 sistunt
1452 2493 1515 2541 ibi
1558 2492 1809 2556 praesentes,
1843 2492 2104 2542 auferuntur
2141 2497 2190 2543 δε
2229 2493 2307 2559 eji—

325 2566 509 2615 ciuntur
543 2565 600 2611 ad
638 2564 800 2611 similes
836 2563 883 2609 in
920 2561 1125 2617 deserto;
1160 2561 1241 2624 qui
1274 2572 1423 2607 autem
1456 2575 1514 2607 ex
1544 2558 1630 2607 illis
1661 2560 1815 2608 animo
1846 2560 1994 2624 probo
2025 2559 2222 2619 fuerunt,
2255 2561 2308 2610 ’δι’

329 2648 421 2680 non
459 2630 786 2694 usurpaverunt
822 2644 880 2676 ex
918 2628 1009 2676 fide
1046 2627 1311 2675 confirmata
1349 2626 1484 2674 talem
1525 2625 1807 2690 potestatem,
1843 2626 1907 2673 illi
1942 2626 2043 2691 post
2084 2628 2131 2675 id
2168 2628 2306 2690 Syne-

325 2699 477 2745 drium
503 2699 549 2744 in
571 2697 760 2744 Camera
780 2696 976 2760 quadarn
1001 2692 1189 2755 obscura
1206 2691 1321 2740 sunt.
1391 2692 1527 2740 Alius
1547 2692 1814 2740 Conventus
1848 2692 1912 2741 est
1946 2694 1992 2740 in
2013 2694 2153 2757 Plaga
2185 2693 2305 2740 occi-

326 2763 494 2810 dentali
535 2778 678 2826 prope
717 2762 1080 2826 septentrionem,
1120 2760 1357 2823 negotium
1394 2757 1456 2806 ibi
1494 2757 1559 2806 est
1595 2758 1831 2806 credulum
1871 2759 2041 2823 vulgus
2080 2758 2306 2807 intromit-

327 2841 418 2875 tere
457 2831 502 2875 in
541 2830 714 2875 coelum
734 2849 749 2883 ;
770 2856 778 2862 -»
799 2826 1045 2890 disponunt
1080 2825 1142 2873 ibi
1175 2826 1347 2872 circum
1389 2824 1430 2872 se
1467 2825 1615 2889 plures
1655 2823 1900 2883 societates,
1946 2841 2052 2889 quae
2090 2826 2135 2871 in
2174 2823 2306 2870 variis

326 2892 532 2955 jucundis
564 2894 753 2940 externis
785 2891 901 2949 sunt,
936 2894 981 2939 in
1018 2892 1288 2956 quibusdam
1324 2891 1504 2948 ludunt,
1539 2893 1585 2938 in
1622 2889 1893 2954 quibusdam
1929 2891 2097 2945 saltant,
2133 2889 2179 2935 in
2201 2889 2304 2951 qui·

328 2958 515 3005 busdam
538 2971 821 3020 componunt
843 2958 1002 3006 faciem
1025 2959 1071 3006 in
1091 2959 1200 3005 varii
1223 2958 1395 3022 generis
1419 2958 1653 3005 hilaritates
1673 2958 1723 3005 &
1746 2958 1938 3012 laetitias,
1970 2957 2017 3003 in
2035 2953 2302 3018 quibusdam

326 3024 574 3087 loquuntur
595 3023 753 3078 amice,
787 3025 949 3071 alicubi
984 3025 1041 3071 de
1080 3024 1211 3071 rebus
1247 3023 1472 3080 civilibus,
1507 3023 1669 3071 alicubi
1704 3023 1762 3070 de
1801 3020 2027 3084 religiofis,
2062 3019 2222 3067 alicubi
2246 3020 2304 3068 de

326 3089 531 3144 lasciviis,
574 3087 624 3134 δε
660 3086 722 3133 fic
760 3102 928 3149 porro3
978 3090 1024 3134 in
1064 3089 1258 3152 aliquam
1294 3104 1352 3137 ex
1390 3089 1458 3135 his
1496 3088 1793 3144 societatibus,
1839 3085 2085 3134 secundum
2109 3083 2305 3148 cujusvis

260 3218 265 3224 ο
321 3155 615 3211 desiderium,
653 3152 911 3202 immittunt
945 3153 1141 3212 clientes,
1176 3166 1387 3203 vocantes
1410 3153 1458 3201 id
1481 3154 1691 3209 coelum;
1725 3152 1801 3201 sed
1828 3167 1986 3202 omnes
2012 3150 2114 3216 post
2143 3166 2307 3264 plaucas

924 3235 951 3283 3
2195 3232 2308 3276 oras,
