2632 3516
171 255 202 310 ε
492 227 1812 319 ‘CONTINU'ATIQ

171 375 205 426 ti
237 375 294 425 ad
321 375 496 425 ultimos
526 375 639 426 fines
672 376 896 426 caelorum.
939 376 1011 427 Ex
1034 375 1100 425 his
1119 374 1501 441 suntapparentiae
1521 379 1760 444 spatiorum
1780 387 1825 437 in
1847 388 1922 438 illo
1948 391 2143 443 Mundo,

170 444 244 491 De
261 440 328 490 his
348 440 579 490 videantur
602 443 725 505 plura
752 442 798 491 in
817 444 1077 493 DOCTRINA
1099 458 1161 490 nr.
1186 445 1451 493 Semnum
1471 449 1609 496 Sacra
1629 463 1670 497 n.
1699 466 1789 509 104
1799 453 1865 502 'ad
1882 470 1916 503 -1
1932 472 2000 519 ¹3·

241 520 316 566 15.
361 507 454 556 Sed
491 508 551 556 de
590 507 765 556 Ultimo
805 508 986 572 Judicio
1031 506 1159 570 super
1204 508 1495 559 Reformatos
1533 511 1582 560 in
1622 513 1709 562 hoc
1747 514 1915 567 'ordine'
1946 523 2143 572 dicetur:

171 572 192 620 I
223 572 364 632 Super
405 582 515 635 quos
557 588 613 621 ex
657 572 936 623 Reformatis
968 574 1190 623 Ultimum
1222 573 1450 636 Judicium
1481 574 1652 625 facturn
1681 578 1759 629 est.
1805 583 1864 633 11.
1896 585 1971 634 De
2000 587 2146 652 Signis

169 635 220 686 &
249 635 593 696 visitationibus
623 649 727 686 ante
760 638 983 688 Ultimum
1013 638 1250 702 Ju'dicium.
1276 640 1361 688 111.
1392 640 1655 692 Universale
1677 644 1901 706 Judicium
1919 653 2145 713 quomodo

167 700 340 751 facium
362 701 439 751 est.
464 702 552 752 IV.
577 705 650 752 De
670 702 913 752 salvatione
936 703 1120 752 Ovium.

238 770 313 816 16.
352 769 385 817 1.
422 768 547 831 Super
571 783 662 830 quos
686 784 738 817 ex
758 767 1007 832 Resortnatis
1030 770 1226 816 Ultimum
1245 767 1461 830 Judicium
1481 770 1650 833 fabium
1669 773 1742 835 est.
1777 777 2000 828 Ultimum
2022 780 2148 841 Judi-

169 832 291 882 cium
313 848 403 881 non
423 831 550 897 super
569 833 680 882 alios
699 848 757 882 ex
779 833 1057 883 Reformatis
1077 833 1248 882 fac'tum
1271 832 1363 892 est,
1398 849 1532 898 quam
1550 836 1679 901 super
1697 839 1822 899 illos,
1856 845 1929 905 qui
1951 845 1997 893 in
2008 846 2149 894 Mun·

171 897 234 947 do
265 898 445 962 profesti
483 897 579 946 sunt
600 900 778 956 Deum,
814 900 1015 963 legerunt
1042 899 1263 958 Verbum,
1300 898 1562 949 audiverunt
1598 904 1959 965 praedicationem
1996 910 2150 958 obive-

169 977 270 1012 runt
302 962 626 1013 sacramentum
644 964 821 1023 Caenae,
856 980 912 1014 ac
939 964 1131 1014 solennia
1151 967 1291 1014 cultus
1314 965 1523 1013 Eccleliae
1554 981 1644 1015 non
1665 972 1982 1034 neglexerunt3
2009 973 2057 1022 ἅ
2083 987 2148 1025 ta-

168 1042 276 1077 men
296 1041 343 1076 ut
365 1029 489 1078 licita
508 1040 826 1092 reputaverunt
842 1030 1076 1088 adulteria,
1110 1029 1223 1078 varii
1244 1030 1420 1093 generis
1439 1029 1581 1091 furta,
1615 1036 1877 1095 mendacia,
1909 1037 2150 1099 vindictas,

173 1093 305 1152 odia,
340 1093 391 1142 &
414 1093 592 1152 limilia3
625 1093 671 1141 hi
697 1093 870 1143 tametsi
895 1096 1046 1142 Deum
1068 1094 1248 1157 profeffi
1275 1094 1406 1150 sunt,¹
1431 1094 1564 1159 usque
1594 1099 1720 1147 nihili
1741 1099 1943 1150 fecerunt
1960 1117 2147 1164 peccata

173 1170 331 1207 contra
354 1158 526 1221 Ipsum3
547 1160 755 1208 Verbum
779 1159 1047 1223 legerunt&
1072 1159 1205 1223 usque
1223 1159 1348 1208 nihili
1370 1158 1572 1210 fecerunt
1595 1178 1818 1227 praecepta
1839 1167 1945 1214 vitae
1967 1167 2058 1226 ibi;
2076 1184 2149 1217 au-

173 1223 380 1272 diverunt
411 1223 749 1286 praedicationes
770 1223 818 1273 ἃ
845 1224 976 1287 usque
1006 1223 1112 1272 nihil
1142 1224 1451 1282 attenderunt3
1483 1225 1805 1277 sacramentum
1825 1232 1970 1279 Caenae
1995 1233 2151 1282 obive-

173 1302 274 1337 runt
300 1287 349 1336 <⁴31
383 1289 519 1352 usque
545 1304 634 1337 non
658 1304 685 1337 a
709 1288 864 1351 prioris
891 1289 997 1337 vitae
1025 1289 1149 1337 malis
1173 1286 1463 1347 destiterunt;
1493 1304 1548 1338 ac
1577 1290 1771 1342 solennia
1800 1296 1939 1343 cultus
1965 1311 2053 1344 non
2073 1313 2152 1346 ne·-

173 1356 436 1417 glexerunt,
450 1353 499 1403 ἃ
513 1354 648 1417 usque
666 1353 773 1402 nibil
799 1354 1091 1402 emendarunt
1108 1354 1248 1402 vitam
1263 1354 1352 1412 3ita
1374 1354 1580 1403 vixerunt
1600 1356 1646 1405 in
1665 1360 1855 1408 externis
1875 1359 1984 1408 ficut
2006 1377 2060 1410 ex
2085 1379 2153 1411 re-

174 1419 366 1482 ligione,
401 1418 450 1467 ἃ
481 1430 632 1467 tamen
665 1418 712 1468 in
741 1420 921 1467 internis
938 1421 1054 1467 nulla
1076 1419 1157 1467 illis
1178 1419 1335 1482 religio
1356 1417 1456 1466 fuit.
1493 1420 1561 1468 Hi
1583 1419 1680 1470 sunt
1701 1426 1776 1485 qui
1798 1440 1876 1487 per
1895 1427 2154 1476 Draconem

171 1484 216 1533 in
258 1483 529 1548 Apocalypsi
550 1485 662 1547 Cap.
690 1485 778 1532 ΧΠ
797 1484 1122 1548 intelliguntur,
1157 1498 1262 1532 nam
1284 1483 1343 1532 de
1365 1485 1580 1533 Dracone
1598 1486 1660 1535 ibi
1681 1487 1862 1544 dicitur.
1898 1491 2016 1553 quod
2041 1492 2154 1541 visus

173 1548 229 1598 sit
249 1548 295 1596 in
319 1549 440 1597 Caelo
454 1585 467 1608 ‚
499 1549 618 1612 quod
642 1564 746 1597 cum
768 1549 1001 1599 Michaele
1019 1550 1065 1598 in
1084 1550 1206 1597 Caelo
1227 1549 1515 1612 pugnaverit,
1549 1549 1600 1599 &
1619 1552 1738 1615 quod
1759 1569 1786 1601 e
1809 1555 1928 1602 Caelo
1948 1555 2152 1605 detraxe·

173 1614 231 1663 rit
253 1615 430 1663 tertiam
454 1627 625 1675 partem
647 1613 897 1673 stellarum3
929 1629 1028 1678 quae
1046 1613 1165 1664 dicta
1187 1613 1309 1672 sunt,
1345 1614 1450 1676 quia
1470 1615 1580 1663 tales
1603 1621 1682 1678 per
1699 1617 2013 1679 profeffionem
2036 1621 2151 1680 Dei,

174 1677 411 1728 lec‘tione‘m
444 1680 620 1737 Verbi,
658 1678 708 1728 ἃ
740 1695 820 1744 per
841 1681 1009 1729 cultum
1029 1693 1289 1736 externum,
1325 1681 1769 1728 communicaverunt
1794 1697 1898 1730 cum
1919 1684 2054 1732 Caelo.
2091 1687 2155 1747 Ji-

176 1744 282 1793 dem
318 1746 459 1793 etiam
496 1745 796 1808 intelliguntur
829 1760 909 1809 per
945 1745 1114 1794 Hircos
1146 1744 1262 1805 apud
1297 1741 1568 1790 Matthaeum
1601 1745 1713 1807 Cap.
1739 1747 1929 1806 XXIV,
1965 1749 2020 1797 ad
2043 1765 2154 1813 quos

177 1824 267 1857 non
303 1810 466 1858 dicitur
485 1810 605 1872 quod
627 1812 743 1857 mala
762 1809 974 1865 fecerint,
1010 1808 1088 1855 sed
1111 1809 1230 1869 quod
1253 1805 1478 1858 omiserint
1502 1809 1619 1856 bona
1644 1809 1821 1868 facere,
1856 1811 1905 1860 ἃ
1925 1812 1986 1861 illi
2002 1825 2158 1864 omnes

179 1873 392 1923 omittunt
410 1875 528 1922 bona
544 1910 557 1932 ,
593 1888 692 1935 quae
713 1874 832 1920 bona
859 1872 977 1929 sunt,
1007 1870 1181 1930 facere,
1218 1871 1321 1933 quia
1345 1872 1462 1919 mala
1488 1884 1538 1920 ut
1558 1887 1743 1936 peccata
1765 1891 1854 1924 non
1878 1876 2079 1939 fugiunt,
2104 1879 2157 1929 <Se

177 1938 353 1988 tametfi
375 1939 448 1986 illa
470 1953 559 1986 non
578 1937 780 1996 faciunt,
802 1936 934 1998 usque
956 1936 1324 2001 licita-reputant,
1348 1933 1399 1985 &
1422 1936 1484 1985 fic
1498 1937 1653 2002 spiritu
1675 1938 1846 1989 faciunt
1868 1942 1964 2002 illa,
1983 1942 2151 2008 &quo-

181 2019 269 2069 que
288 2017 480 2068 corpore
500 2003 608 2051 dum
629 2001 748 2051 licet.
862 2047 865 2049 .
1772 2027 1819 2045 ‹2-
2154 2005 2162 2019 ³

251 2083 324 2129 17.
359 2071 502 2131 Super
530 2083 685 2117 omnes
716 2068 812 2116 illos
841 2083 897 2116 ex
934 2068 1210 2118 Reformatis
1240 2069 1463 2119 Ultimum
1495 2069 1720 2133 Judicium
1748 2070 1916 2120 facium
1938 2071 2029 2132 est,
2066 2088 2156 2124 non

182 2146 334 2181 autem
369 2132 498 2195 super
526 2134 621 2181 illos
649 2169 664 2191 ,
709 2134 784 2195 qui
807 2147 898 2180 non
931 2134 1214 2182 crediderunt
1247 2135 1399 2181 Deum
1424 2168 1438 2194 ,
1474 2134 1801 2183 contemserunt
1838 2137 2070 2196 Verbum,
2105 2143 2157 2187 ἃ

182 2197 344 2246 Sancta
374 2196 588 2246 E'cclefiae
614 2197 752 2245 corde
781 2197 1056 2260 rejecerunt3
1088 2213 1193 2246 nam
1216 2197 1262 2246 hi
1285 2212 1443 2246 omnes
1464 2235 1478 2255 ,
1514 2198 1621 2246 dum
1649 2214 1676 2247 e
1695 2199 1877 2249 Mundo
1906 2203 2091 2253 naturali
2110 2205 2157 2253 in

181 2263 413 2312 Mundum
437 2262 703 2324 spiritualem
731 2275 975 2322 venerunt,
997 2261 1304 2327 conjeffl'sunt
1325 2263 1371 2311 in
1394 2263 1639 2312 Infernum.

212 2343 217 2347 ·
256 2334 330 2381 18.
369 2330 542 2376 Omnes
570 2325 646 2392 qui
664 2327 710 2376 in
730 2328 923 2376 externis
943 2328 1148 2376 vixerunt
1167 2327 1276 2376 ficut
1299 2327 1560 2386 Christiani,
1597 2327 1647 2377 &
1668 2328 1791 2379 nihili
1810 2329 2009 2381 fecerunt
2031 2334 2158 2384 Chri·

181 2394 370 2444 stianam
404 2395 571 2452 vitam,
606 2393 798 2442 exterius
831 2408 965 2442 unum
988 2393 1188 2442 fecerunt
1207 2409 1311 2441 cum
1331 2392 1483 2451 Caelis,
1519 2392 1594 2441 sed
1619 2394 1797 2443 interius
1820 2412 1923 2445 cum
1944 2399 2157 2458 lnfernis,

184 2459 235 2510 ἅ
268 2460 371 2523 quia
402 2475 428 2508 a
462 2457 777 2523 conjunctione
805 2460 977 2507 illorum
1006 2474 1109 2507 cum
1133 2459 1253 2506 Caelo
1277 2473 1364 2506 non
1385 2471 1620 2520 potuerunt
1638 2474 1869 2508 momento
1889 2464 2043 2520 evelli,
2077 2464 2157 2512 de·
2235 2511 2243 2519 ,

186 2527 299 2573 tenti
334 2524 431 2572 sunt
458 2525 504 2572 in
537 2523 716 2572 Mundo
747 2524 1000 2586 spirituum,
1034 2525 1110 2588 qui
1137 2523 1307 2571 medius
1336 2523 1401 2570 est
1425 2523 1539 2570 inter
1557 2523 1724 2571 Caelum
1747 2524 1795 2572 ἀ
1817 2525 2069 2583 infernum,
2106 2528 2158 2577 &

190 2589 446 2653 permiss'um
464 2587 529 2638 est
549 2589 630 2638 illis
650 2589 884 2637 societates
908 2588 1128 2646 formare,
1163 2588 1211 2635 ἃ
1234 2603 1318 2636 una
1336 2587 1490 2636 vivere
1506 2587 1615 2635 ficut
1631 2589 1676 2637 in
1698 2589 1890 2648 mundo,
1926 2589 1976 2640 ἃ
2002 2592 2064 2641 ibi
2076 2608 2158 2656 per

188 2662 303 2703 artes
324 2655 370 2703 in
390 2653 557 2703 mundo
574 2655 749 2718 ignotas
773 2652 920 2702 sistere
939 2653 1187 2717 splendida,
1206 2653 1254 2700 ἃ
1277 2667 1357 2714 per
1378 2652 1423 2701 id
1445 2653 1705 2713 persuadere
1722 2652 1802 2702 fibi
1822 2653 1871 2702 ἃ
1897 2657 1990 2704 aliis
2006 2694 2016 2713 ‚
2034 2660 2155 2719 quod

188 2720 235 2768 in
257 2721 380 2768 Caelo
401 2719 570 2779 effent3
604 2734 739 2782 quare
758 2733 812 2766 ex
834 2720 1091 2781 apparentia
1113 2719 1181 2767 illa
1201 2729 1383 2764 externa
1408 2716 1639 2766 societates
1659 2718 1752 2766 suas
1773 2734 2048 2769 vocaverunt
2058 2724 2153 2769 Cae-

192 2786 269 2831 los.
307 2786 375 2834 Illi
395 2786 503 2833 Caeli
524 2784 574 2833 ἃ
595 2785 680 2832 illae
703 2785 860 2832 Terrae
880 2785 1008 2846 super
1023 2784 1178 2848 quib'us
1199 2783 1484 2839 habitabant,
1517 2782 1614 2830 sunt
1639 2798 1737 2846 quae
1762 2783 2059 2848 intelliguntur
2077 2802 2157 2849 per

192 2850 356 2897 Caetum
381 2850 498 2912 prius
522 2848 573 2899 δι
599 2850 790 2897 Terram
814 2848 1031 2911 priorem,
1067 2863 1164 2912 quae
1184 2846 1503 2905 transiverunt,
1538 2849 1688 2909 Apoc.
1709 2848 1817 2910 Cap.
1843 2850 1968 2897 XXI.
1993 2865 2034 2898 1.

138 2921 142 2924 ’
263 2927 337 2971 19.
373 2916 546 2962 Interea
574 2930 678 2963 cum
701 2915 762 2963 ibi
786 2914 1144 2977 permanserunt,
1177 2912 1352 2960 occlusa
1371 2912 1465 2959 sunt
1484 2912 1694 2961 interiora
1711 2912 1871 2961 mentis
1890 2929 2069 2974 eorum,
2101 2915 2152 2964 ἅ

193 2990 348 3040 aperta
374 2978 624 3043 exteriora3
653 2994 732 3042 per
762 2979 998 3042 quod'non
1027 2987 1320 3041 apparuerunt
1352 2975 1523 3025 illorum
1542 2978 1685 3036 mala,
1719 2993 1797 3039 per
1816 2993 1913 3040 quae
1934 2995 2064 3027 unum
2085 2979 2149 3027 fa-

191 3042 370 3091 ciebant
388 3056 491 3088 cum
508 3042 708 3091 infernis:
744 3058 790 3092 at
808 3059 911 3092 cum
929 3043 1119 3092 instabat
1144 3042 1366 3090 Ultimum
1385 3041 1636 3103 Judicium‚
1671 3041 1835 3090 reclusa
1858 3043 1953 3091 sunt
1974 3044 2151 3092 interio-

194 3121 270 3163 ra,
301 3104 354 3154 ἀ
381 3117 485 3154 tunc
515 3119 667 3152 coram
691 3110 895 3156 omnibus
916 3120 1209 3171 apparuerunt
1226 3108 1372 3168 quales
1391 3119 1543 3164 erant3
1575 3105 1625 3154 ἃ
1644 3107 1745 3169 quia
1767 3119 1873 3155 tunc
1898 3122 2030 3155 unum
2045 3121 2153 3169 age·

193 3172 301 3222 bant
324 3185 429 3224 cum
451 3169 635 3222 infernis
651 3205 665 3229 ,
700 3185 789 3220 non
815 3175 999 3235 amplius
1018 3175 1160 3224 vitam
1181 3169 1471 3221 Christianam
1494 3182 1731 3234 potuerunt
1750 3169 1971 3229 simulare,
2006 3169 2152 3246 sed-ex

1094 3251 1099 3254 .
2081 3250 2150 3297 Ju-
