2502 3432
551 151 689 218 ET
736 143 1332 215 BABYLONIA
1380 142 1890 208 DESTRUC
1917 141 2071 207 TA.
2272 166 2309 225 5

314 286 361 334 in
382 285 449 332 die
467 279 807 344 excandescentiae
826 280 906 326 irae
923 273 1158 339 Jehovae,”
1189 271 1293 320 Esai
1313 288 1324 318 :
1350 287 1452 319 xm
1475 288 1487 318 ε
1520 288 1591 321 12.
1624 289 1697 336 13.
1759 277 1795 300 “
1817 273 1969 320 Coram
1995 270 2088 334 Ipso
2110 278 2312 318 commota

316 352 371 414 est
393 361 514 398 terra
530 370 547 404 3
582 351 912 395 contrmerunt
946 338 1150 403 cali,efhl
1181 338 1240 387 δέ
1274 338 1376 384 luna
1415 340 1558 384 atrati
1591 342 1716 399 sunt,
1754 339 1810 387 ὅ
1836 338 1973 397 stellae
2012 344 2316 385 contraxerunt

302 417 562 481 splendorem
573 411 751 478 suam,'’
783 405 919 470 Jo'elt
944 423 985 454 11
1008 423 1019 453 ε
1052 420 1129 454 10.
1196 408 1233 431 “
1258 402 1455 468 Concuffa
1478 402 1535 452 &³
1570 412 1772 449 commota
1810 404 1865 461 est
1901 415 2039 461 terra,
2076 400 2132 450 ἐξ
2142 403 2313 464 funda-

311 492 452 531 menta
475 481 672 529 montium
693 474 983 536 trepidarunt,
1017 469 1074 519 δέ’
1097 468 1282 535 concuffa
1292 470 1455 533 sunt,’'
1489 467 1672 516 Psalm:
1698 483 1831 514 xvm
1852 485 1865 515 ε
1897 485 1939 531 7.
1967 472 1994 516 8
2015 487 2028 517 t
2064 469 2114 517 ὅτ
2138 470 2186 516 in
2208 484 2313 533 per-3

314 546 520 614 pluribus
542 545 635 592 aliis
657 542 780 589 locis.
2037 599 2048 609 .

371 631 422 674 4.
458 614 543 659 Per
558 610 717 657 Creare
738 607 873 655 etiam
895 605 942 653 in
966 604 1088 654 sensu
1113 602 1327 668 spirituali
1341 601 1482 651 Verbi
1502 600 1778 665 fignificatur
1800 596 2013 656 formare,
2037 597 2296 658 instaurare,

306 682 359 730 βε
382 686 653 738 regenerare,
688 674 750 718 ita
779 686 861 734 per
892 685 1040 718 creare
1062 671 1259 718 Novum
1285 670 1477 717 Coelum
1509 669 1560 716 δε
1581 668 1770 716 Novam
1795 666 1989 713 Terram
2018 663 2299 725 fignificatur

301 742 543 792 instaurare
565 739 752 783 Novam
774 735 1023 783 Ecclefiam
1061 737 1109 782 in
1132 735 1272 783 Coelo
1308 734 1359 782 &
1398 736 1446 782 in
1470 736 1616 782 Terra
1636 756 1652 790 3
1688 746 1740 781 ut
1763 731 1964 781 constare
1986 730 2134 795 potest
2158 746 2215 778 ex
2235 731 2306 778 his

306 810 437 864 locis,
473 810 509 832 ‘⁶
533 801 736 863 Populus,
770 803 844 863 qui
880 802 1123 854 creabitur,
1147 801 1342 843 laudabit
1379 799 1530 859 Jah,”
1564 799 1714 844 Psalm
1735 816 1748 842 :
1774 815 1884 842 en:
1916 816 1990 857 ¹9·
2062 801 2096 824 “
2127 799 2309 844 Emittis

294 875 520 937 spiritum,
554 877 770 922 creantur,
814 864 872 914 ἔθ’
909 879 1090 912 renovas
1118 863 1259 923 facies
1295 863 1475 918 terrae,”
1510 860 1691 908 Psalm:
1722 875 1840 907 cxv:
1868 877 1948 923 30.
2018 862 2052 886 “
2090 860 2159 906 Sic
2193 861 2307 909 dixit

305 937 528 1003 Jehovah,
562 935 740 982 Creator
762 941 862 978 tuus
881 931 1036 994 Jacob,
1076 930 1300 977 Formator
1331 938 1433 975 tuus
1454 926 1605 990 Israel,
1641 940 1740 972 nam
1779 925 1933 973 redemi
1970 934 2029 980 te,
2065 923 2123 971 ὅ
2143 929 2303 974 vocavi

306 1007 469 1053 nomine
505 1012 594 1056 tuo,
632 998 758 1046 Mihi
795 1007 877 1053 ηις
911 1012 1066 1045 omnem
1105 1004 1305 1043 vocatum
1342 1011 1373 1041 a
1412 993 1597 1042 Nomine
1630 991 1738 1048 Tuo,
1772 990 1829 1038 ἔθ’
1866 995 1913 1043 in
1949 991 2133 1054 gloriam
2168 1009 2303 1042 meam

306 1071 474 1125 creavi,
506 1067 709 1128 formavi
743 1079 852 1120 eum,
898 1065 1105 1128 etiamque
1128 1061 1221 1123 feci
1258 1060 1401 1116 eum,'’
1432 1058 1563 1107 Esai:
1587 1073 1761 1105 xmu:
1795 1072 1835 1104 1.
1862 1073 1918 1121 7:
1953 1068 2121 1120 praeter
2159 1058 2300 1116 alibi;

304 1135 411 1187 inde
450 1132 531 1189 est,
564 1129 693 1196 quod
731 1144 850 1177 nova
891 1128 1077 1176 Creatio
1113 1126 1313 1175 hominis
1359 1125 1413 1173 fit
1451 1124 1714 1174 reformatio
1752 1121 1864 1187 ejus,
1899 1124 2117 1187 quoniam
2152 1139 2301 1172 novus

306 1201 378 1258 fit,
412 1213 575 1263 nempe
596 1213 657 1246 ex
679 1194 865 1244 naturali
888 1193 1159 1258 spiritualis;
1194 1192 1243 1241 &
1281 1191 1387 1240 inde
1421 1191 1486 1242 est
1519 1190 1647 1257 quod
1683 1203 1804 1239 nova
1838 1201 2036 1240 creatura
2070 1189 2123 1236 fit
2156 1189 2303 1253 homo
2363 1242 2367 1245 ,

306 1264 693 1393 κῖἓῖωὸἓΰὸἕὲ
707 1289 926 1392 μΓρίτίωειίἰ
945 1326 1105 1386 Verbi,
1139 1325 1416 1402 videaturffin
1437 1324 1677 1392 Opusculo
1698 1325 1758 1378 de
1780 1325 1922 1390 Equo
1942 1323 2090 1382 Albo,
2123 1322 2182 1373 de
2203 1338 2301 1389 quo

303 1399 354 1447 in
376 1394 670 1461 Apocalypfi.
1336 1396 1380 1440 f

243 1607 245 1609 .
361 1561 435 1606 Ex
457 1563 681 1604 Ancams
701 1558 1016 1602 Coeus-rmus
1050 1560 1127 1616 (a)
1157 1558 1283 1613 Qud
1313 1573 1384 1614 per
1403 1559 1582 1602 Terram
1609 1560 1654 1600 in
1671 1557 1812 1600 Verbo
1841 1554 2088 1614 fignificetur
2104 1554 2299 1613 Regnum

302 1619 476 1665 Domini
495 1618 536 1659 &
555 1613 751 1665 Ecclesia,
782 1628 843 1656 n:
866 1617 966 1660 662.
986 1616 1113 1659 1066.
1134 1618 1259 1672 1067.
1277 1617 1403 1664 1262.
1426 1629 1553 1672 1413.
1575 1616 1700 1672 1607.
1716 1614 1846 1671 2928·
1869 1626 1997 1670 3355.
2014 1616 2146 1669 4447·.
2163 1626 2296 1669 4535.

302 1690 432 1735 5577.
455 1675 584 1719 8011.
602 1684 735 1729 9325.
754 1671 886 1728 9643.
945 1672 1013 1714 Ex
1032 1673 1147 1714 causa
1166 1673 1383 1728 imprimis,
1412 1673 1505 1728 quia
1536 1686 1606 1728 per
1640 1682 1791 1714 terram
1825 1671 2062 1726 intelligitur
2092 1681 2198 1731 1913
2214 1671 2300 1712 Ca-

302 1749 424 1785 naan,
457 1731 498 1776 ὅτ
517 1732 571 1774 ibi
589 1731 719 1773 fuerat
738 1726 916 1772 Ecclefia
933 1729 983 1770 ab
1003 1730 1296 1785 Antiquiffimis
1326 1730 1603 1786 temporibus3
1635 1730 1731 1772 inde
1748 1743 1908 1784 quoque
1929 1728 1986 1770 est
2003 1726 2300 1783 quod'Coelum

301 1794 458 1836 dioetur
486 1787 656 1832 coelestis
674 1785 857 1838 canaan,
890 1802 917 1829 n
938 1800 949 1828 :
973 1787 1074 1845 567.
1097 1788 1224 1844 3686.
1247 1801 1378 1846 4447.
1395 1801 1526 1844 4454.
1554 1789 1684 1845 4516.
1714 1800 1845 1845 4517.
1866 1788 1994 1844 5136.
2016 1786 2144 1841 6516.
2166 1798 2297 1843 9325.

301 1862 431 1908 9327.
488 1848 545 1892 Et
572 1847 663 1903 quia
692 1846 734 1888 in
754 1845 945 1900 spirituali
963 1846 1073 1888 sensu
1095 1860 1167 1901 per
1185 1856 1334 1890 terram
1354 1847 1591 1903 intelligitur
1609 1846 1728 1890 Gens
1756 1860 1848 1902 quae
1865 1846 1939 1896 ibi,
1972 1845 2012 1888 δι
2029 1845 2114 1901 ejus
2134 1843 2296 1896 Cultus,

299 1922 332 1948 n
355 1922 366 1948 ε
391 1906 516 1947 1262-
572 1903 700 1951 Qod
734 1903 828 1942 inde
858 1912 971 1952 ter-ta
1000 1904 1198 1955 fignificet
1224 1907 1351 1957 varia,
1377 1918 1468 1960 quae
1496 1905 1587 1947 sunt
1605 1903 1815 1956 Ecclefiae,
1844 1918 1901 1947 n:
1922 1904 2022 1946 620.
2045 1902 2145 1957 636.
2171 1903 2252 1946 106
2284 1931 2296 1945 .

301 1971 432 2018 257¹·
455 1955 584 2014 3368.
605 1967 733 2011 3379.
757 1967 885 2010 3404.
908 1955 1036 2013 8732.
1096 1962 1272 2012 l’opulus
1301 1973 1421 2002 tetrae
1448 1963 1558 2014 quod
1588 1961 1667 2004 smt
1699 1963 1769 2014 qui
1800 1961 1850 2001 ab
1877 1957 2059 2001 Ecclesia
2091 1917 2299 2011 spirituafi,

300 2030 332 2060 n
353 2029 364 2057 :
385 2015 513 2071 2928.
574 2012 721 2054 Terrae
745 2021 882 2056 motus
910 2014 1020 2070 quod
1046 2012 1095 2056 fit
1118 2016 1293 2058 mutatio
1317 2016 1440 2060 status
1458 2016 1666 2066 Ecclefiae,
1695 2031 1755 2059 n:
1779 2030 1907 2075 3355.
1968 2015 2093 2071 Qod
2125 2014 2298 2060 Novum

301 2073 455 2116 coelum
488 2071 529 2114 &
562 2083 668 2114 nova
698 2077 806 2113 terra
834 2070 1032 2129 fignificet
1056 2070 1295 2127 Ecclefiam,
1325 2090 1354 2118 n
1374 2090 1386 2118 :
1409 2088 1535 2134 1733·
1559 2076 1685 2132 1850.
1710 2088 1839 2134 2117.
1862 2074 1990 2119 2118.
2013 2086 2141 2132 3355.
2163 2087 2296 2134 4535.

306 2144 388 2188 103
421 2143 461 2187 3.

358 2146 484 2242 (god
507 2185 789 2241 Antiquiffima
808 2185 1002 2241 Ecclesia,
1032 2202 1125 2245 quae
1153 2190 1233 2234 suit
1263 2198 1359 2234 ante
1389 2191 1604 2243 diluvium,
1633 2191 1676 2235 ὅτ
1693 2190 1879 2247 Antiqua
1898 2188 2075 2234 Ecclefia
2101 2203 2192 2245 quae
2220 2191 2300 2235 fuit

300 2244 391 2302 post
406 2244 619 2293 diluvium,
650 2244 802 2286 fuerint
818 2245 861 2286 in
882 2255 986 2289 terra
1004 2245 1213 2300 Canaane,
1245 2263 1297 2291 n:
1316 2249 1416 2307 567.
1439 2249 1567 2307 3686.
1583 2263 1713 2307 4447.
1730 2262 1862 2306 4454.
1874 2249 2006 2305 4516.
2020 2260 2151 2304 4517.
2167 2249 2297 2305 5136.

301 2303 430 2367 6516ἓ
452 2314 479 2367 9
485 2313 582 2356 327.
637 2299 762 2351 Qod
782 2310 883 2345 tunc
900 2306 1036 2346 omnia
1055 2305 1148 2348 10oe
1168 2307 1222 2347 ibi
1242 2306 1350 2349 fafiia
1376 2306 1453 2349 {int
1481 2308 1799 2362 repraesentativa
1817 2306 1960 2349 talium
1979 2320 2070 2362 quae
2088 2305 2131 2346 in
2150 2305 2298 2361 Regno

301 2361 476 2404 Domini
496 2357 535 2399 δι
556 2354 752 2404 Ecclefia,
771 2371 807 2418 'n
829 2372 839 2397 ε
860 2372 986 2413 1505.
1005 2361 1133 2415 3686.
1148 2375 1277 2417 4447.
1293 2375 1344 2416 51
1380 2364 1421 2405 6.
1481 2362 1607 2415 Qod
1627 2365 1718 2405 ideo
1737 2365 1945 2406 Abraham
1963 2363 2061 2405 illuc
2089 2362 2147 2402 ire
2167 2362 2295 2417 juffus

301 2417 370 2467 iit,
401 2417 592 2471 quoniam
624 2413 729 2466 apud
762 2413 935 2467 posteros
970 2415 1053 2471 ejus
1085 2430 1137 2458 ex
1166 2417 1325 2470 Jacobo
1395 2418 1538 2459 cclefia
1571 2417 2217 2471 repraesentativa‘institueretur,
2246 2433 2296 2462 ac

300 2472 487 2539 Verbum
519 2469 861 2537 con-scriberetur,-
886 2471 1002 2528 cujus
1034 2472 1164 2515 sensus
1196 2473 1362 2514 ultimus
1396 2472 1592 2515 constaret
1625 2488 1679 2516 ex
1713 2474 2039 2529 repraesenmtivis
2071 2473 2112 2514 &
2142 2473 2294 2531 fignifi-
2319 2527 2323 2530 Ι

302 2540 452 2688 ἓξὲξ
474 2528 2124 2646 ffisszmnfi‘gnissffg'iufflgc'15s1236'2⁶2⁵{2⁶32ff¹¹3‘2⁶315st3‘7¹3}‘.¹4237.‘f.{¹5²53.
2142 2531 2295 2648 {723}

310 2660 362 2690 10
453 2674 463 2684 -

364 2660 433 2758 (bs)
467 2697 591 2753 Qod
610 2712 744 2741 creare
762 2698 811 2741 fit
829 2714 980 2751 0110νο
1010 2715 1147 2744 creare
1177 2703 1243 2744 seu
1270 2702 1489 2745 reformare
1516 2702 1557 2744 ὅτ.
1587 2715 1837 2758 regenerare,
1869 2717 1898 2746 n
1914 2716 1928 2745 t
1947 2703 2014 2746 16.
2036 2703 2107 2747 88.
2130 2717 2287 2764 10373.

306 2762 461 2816 10634.
519 2754 644 2810 Qod
679 2769 814 2798 creare
838 2772 991 2800 novum
1011 2757 1177 2801 Coelum
1209 2760 1249 2801 &
1276 2773 1426 2802 novam
1447 2760 1624 2801 Terram
1655 2760 1701 2802 fit
1726 2760 1942 2804 instaurare
1970 2775 2120 2803 novam
2138 2761 2287 2806 Eccle—

299 2819 414 2867 fiam,
447 2830 475 2857 n
497 2828 508 2855 :
533 2825 638 2869 1037
645 2827 684 2868 3.
741 2812 865 2867 Qod
892 2829 963 2867 per
992 2818 1236 2859 creationem
1255 2814 1366 2858 Coeli
1392 2817 1432 2859 δι
1451 2816 1597 2859 Terrae
1624 2819 1667 2860 in
1699 2818 1838 2873 primis
1856 2818 2062 2875 Capitibus
2081 2818 2288 2864 Geneseos

299 2878 344 2918 in
378 2875 487 2916 sensu
519 2872 677 2912 interno
708 2871 950 2913 describatur
987 2873 1218 2918 instauratio
1250 2873 1440 2920 Ecclefiae
1475 2873 1664 2928 coelestis,
1708 2890 1798 2932 quae
1835 2877 1915 2924 fuit
1948 2876 2127 2923 Ecclesia
2159 2879 2285 2922 Anti·

298 2933 496 2988 quiffima,
527 2943 554 2971 n
574 2941 583 2969 :
606 2927 732 2986 8891.
752 2941 880 2987 9942.
904 2942 1059 2987 10545.

2137 3086 2283 3152 Quod
