2632 3516
205 301 288 337 20.
389 244 889 334 DOCTRINA
936 274 1214 336 NoVAE
1265 271 1983 343 HIERosoLYMAE

210 405 310 452 Imo
338 400 457 448 foret
486 399 696 448 Verbum
728 402 888 465 absque
919 401 1041 452 sensu
1075 403 1212 453 literae
1243 403 1365 469 ejus,
1400 403 1512 453 ficut
1535 405 1704 470 Corpus
1725 408 1993 468 humanum,
2030 411 2194 475 absque

208 465 529 529 Integumentis
551 481 648 528 quae
668 480 883 516 vocantur
901 469 1063 528 Cutes,
1101 468 1150 518 ἃ
1173 470 1337 533 absque
1358 468 1670 520 Sustentaculis
1696 488 1793 536 quae
1810 487 2028 523 vocantur
2051 476 2185 536 Offa,

208 532 370 594 absque
391 530 457 579 his
481 528 530 578 &
555 532 635 579 illis
657 531 906 581 diffluerent
926 535 1080 583 omnia
1100 535 1316 583 Interiora
1339 535 1447 598 ejus.
1498 536 1572 584 Ac
1592 535 1710 585 foret
1729 538 1836 587 ficut
1858 541 1947 587 Cor
1966 537 2016 588 ἃ
2036 542 2192 590 Pulmo

208 598 256 646 in
290 596 527 652 Thorace,
564 595 726 660 absque
754 599 1064 660 integumento
1097 599 1175 647 suo
1185 633 1203 657 ,
1238 599 1358 663 quod
1390 612 1574 648 vocatur
1594 602 1751 650 Plevra
1772 637 1788 662 ‚
1822 602 1871 652 δι
1891 603 2188 655 sustentaculi-s

207 661 292 710 suis
325 677 422 724 quae
443 674 661 709 vocantur
697 662 857 713 Costae.
929 666 1023 712 Aut
1052 663 1161 712 ficut
1190 665 1434 712 Cerebtum
1457 665 1618 728 absque
1641 666 1950 731 integumento
1975 668 2052 719 suo
2073 670 2193 734 quod

207 738 396 775 vocatur
430 727 559 775 Dura
587 738 761 788 mater,
794 729 846 778 &
885 732 1028 792 abque
1054 729 1284 776 communi
1304 729 1620 793 Tegument0‚
1657 733 1924 781 Continente
1944 732 1995 782 δι
2021 736 2192 784 Firma-

210 804 367 840 mento
400 790 499 849 Γιιο,
533 791 653 854 quod
684 806 872 843 vocatur
903 794 1128 842 Cranium.
1198 792 1352 842 Simile
1371 794 1489 842 foret
1510 808 1613 842 cum
1636 796 1798 843 Verbo
1819 797 1981 861 absque
2002 798 2122 848 sensu
2141 800 2192 847 li-

213 869 321 904 terae
348 855 442 918 ejus
457 892 471 914 ,
506 870 643 968 ςυῗξῗ
667 856 834 908 dicitur
856 858 977 924 apud
996 858 1172 922 Esajam
1187 890 1223 917 „
1258 856 1383 922 Quod
1398 857 1586 919 Jehovah
1606 857 1839 921 creetsuper
1855 864 1960 908 omni
1978 864 2106 925 gloria
2127 866 2193 911 ob-

211 931 482 984 tegumentum
498 956 527 978 ‚‚
638 955 649 966 .
676 937 722 980 5.
1669 962 1672 963 γ

281 1000 355 1046 34.
392 984 546 1032 Simile
573 984 691 1035 foret
719 1002 821 1036 cum
851 989 978 1036 Caelis
1003 987 1078 1036 ubi
1100 987 1195 1035 sunt
1216 986 1405 1049 Angeli,
1441 984 1603 1050 absque
1622 985 1803 1034 Mundo
1822 988 1896 1036 ubi
1917 988 2011 1036 sunt
2032 987 2197 1039 Homi-

210 1066 288 1100 nes
302 1086 315 1107 ‚
355 1047 619 1097 Humanum
638 1050 791 1101 Genus
811 1052 876 1101 est
895 1052 1037 1113 Baiis,
1072 1053 1314 1100 Continens
1336 1050 1386 1098 δι
1406 1051 1756 1099 Firmamentum
1778 1053 1973 1113 illorum,
2005 1053 2055 1101 ἃ
2076 1054 2196 1117 apud

214 1115 417 1163 homines
435 1113 484 1162 δι
506 1114 551 1162 in
573 1114 654 1162 illis
677 1115 743 1164 est
765 1118 986 1166 Verbum.
1032 1118 1203 1166 Omnes
1226 1117 1345 1164 enim
1370 1115 1476 1162 Caeli
1497 1114 1688 1163 distinffl
1713 1116 1806 1164 sunt
1826 1118 1870 1164 in
1891 1117 1980 1166 duo
2004 1119 2192 1182 Regna,

210 1195 311 1243 quae
345 1192 563 1227 vocantur
596 1180 810 1243 Regnum
846 1181 1029 1230 Caeleste
1059 1180 1110 1230 ἃ
1141 1183 1352 1244 Regnum
1386 1180 1645 1242 Spirituale.
1680 1180 1776 1229 haec
1800 1181 1890 1228 duo
1910 1183 2075 1244 Regna
2095 1183 2194 1232 fun·

212 1246 372 1293 dantur
403 1243 530 1305 super
560 1245 725 1307 Regno
754 1246 988 1306 Naturali,
1024 1247 1070 1294 in
1089 1262 1179 1308 quo
1200 1247 1294 1294 sunt
1317 1244 1542 1294 homines:
1576 1243 1772 1293 similiter
1794 1246 1943 1308 itaque
1963 1249 2197 1307 Verbum,

211 1308 333 1373 quod
359 1309 479 1370 apud
511 1308 714 1357 homines
742 1310 793 1359 ἅ
819 1311 866 1359 in
900 1310 1201 1358 homininibus
1223 1309 1317 1357 est.
1385 1308 1523 1372 Quod
1542 1309 1650 1356 Caeli
1671 1310 1879 1372 Angelici
1899 1310 2090 1359 distineri
2112 1311 2217 1360 fint‘

212 1374 260 1422 in
282 1373 372 1421 duo
383 1374 553 1484 t{Regna
577 1408 592 1432 ,
627 1374 812 1424 Caeleste
831 1374 880 1425 ἃ
901 1376 1162 1439 spirituale,
1197 1374 1400 1424 videatur
1418 1375 1464 1421 in
1486 1372 1639 1436 Opere
1657 1388 1721 1422 m:
1741 1375 1880 1458 CAEto
1905 1389 1964 1423 m·
1988 1375 2199 1427 INFERno

216 1453 262 1487 n·
280 1452 381 1562 {ga
397 1443 533 1572 (ἐξά
564 1502 799 1579 Prophetae
821 1505 1020 1581 ‘Veteris-
1046 1501 1326 1579 Testamenti
1346 1502 1755 1566 repraesentaverint
1776 1504 2025 1553 Dominum
2048 1505 2196 1581 quoad

214 1568 448 1625 Verbum,
482 1567 533 1616 ἃ
556 1585 636 1632 per
659 1570 705 1617 id
726 1569 1071 1633 significaverunt
1096 1568 1358 1618 Dofihmam
1380 1568 1589 1616 Ecclesiae
1609 1582 1665 1615 ex
1693 1569 1876 1626 Verbo,
1915 1568 1966 1616 &
1988 1569 2105 1631 quod
2129 1584 2196 1617 m·-

214 1632 275 1681 de
304 1633 457 1681 vocati
478 1633 561 1681 sint
582 1634 683 1682 Filii
703 1634 921 1694 hominis,
955 1637 1001 1684 in
1023 1635 1280 1684 Domum
1300 1648 1363 1680 ms
1383 1635 1586 1681 DomNo
1605 1646 1649 1678 n.
1671 1636 1728 1682 28
1744 1667 1756 1688 ‚
1790 1631 2011 1680 ostensum
2031 1632 2121 1691 est3
2139 1648 2207 1686 ex,

214 1711 307 1760 quo
332 1697 554 1761 sequitur,
591 1699 708 1762 quod
744 1700 805 1747 illi
829 1714 906 1761 per
929 1699 1081 1759 varia,
1115 1713 1213 1760 quae
1235 1697 1340 1758 passi
1363 1696 1457 1742 sunt
1479 1694 1530 1743 ἃ,
1552 1692 1871 1754 sustinuerunt,
1907 1697 2192 1760 repraesenta-

217 1761 366 1810 verint
385 1763 644 1811 violentiam
669 1763 826 1812 Sensui
846 1764 983 1811 literae
1004 1762 1151 1811 Verbi
1171 1777 1197 1809 a
1218 1759 1382 1824 Judaeis
1399 1761 1591 1817 illatam;
1622 1770 1670 1805 ut
1689 1759 1807 1821 quod
1831 1760 1979 1824 Esajas
1999 1762 2202 1824 Prophe<

219 1836 267 1874 ta
296 1839 479 1875 exueret
513 1826 688 1875 saccum
715 1827 903 1888 desuper
921 1827 1079 1874 lumbis
1098 1825 1181 1873 suis
1203 1861 1218 1882 ,
1262 1823 1313 1872 &
1335 1836 1516 1880 exueret
1535 1826 1736 1889 calceum
1754 1823 1938 1887 desuper
1956 1827 2072 1888 pede
2090 1826 2168 1874 suo
2179 1839 2202 1886 ,'

219 1905 277 1938 ac
305 1890 388 1939 iret
417 1889 557 1938 nudus
584 1889 634 1938 δι
661 1891 942 1939 discalceatus
964 1903 1050 1938 tres
1071 1904 1251 1947 annoS„
1285 1888 1403 1952 Esaj.
1425 1889 1527 1935 XX.
1553 1905 1594 1936 2.
1618 1903 1664 1949 3.
1710 1888 1920 1938 Similiter
1944 1891 2062 1954 quod
2084 1891 2196 1939 Eze-

221 1955 340 2002 chiel
374 1954 593 2016 Propheta
624 1956 892 2015 novaculam
921 1954 1146 2003 tonsorum
1184 1953 1433 2001 traduceret
1462 1953 1589 2015 super
1609 1965 1741 2014 caput
1761 1951 1810 2000 &
1834 1954 1961 2015 super
1981 1957 2194 2013 barbam,

220 2017 272 2069 ἃ
292 2020 471 2066 tertiam
494 2031 665 2079 partem
686 2021 968 2068 combureret
993 2019 1040 2067 in
1057 2019 1210 2066 medio
1232 2019 1374 2076 urbis,
1394 2017 1569 2065 tertiam
1583 2028 1833 2080 parcuteret
1853 2018 2031 2080 gladio,
2044 2017 2094 2066 δι
2112 2031 2199 2066 ter-

214 2083 326 2130 tiam
357 2082 628 2145 dispergeret
647 2084 694 2131 in
713 2096 900 2132 ventum
921 2120 935 2142 ,
971 2083 1021 2132 δι
1045 2099 1199 2147 parum
1220 2099 1275 2132 ex
1289 2082 1375 2132 inis
1391 2082 1587 2144 alligatet
1604 2081 1650 2129 in
1670 2081 1749 2129 alis
1774 2117 1788 2140 ‚
1822 2081 1871 2130 ἃ
1891 2083 2071 2130 tandem
2092 2098 2195 2145 pro·

216 2147 377 2211 jiceret
407 2147 454 2194 in
483 2146 681 2196 medium
710 2148 823 2211 ignis
852 2147 903 2196 δε
935 2150 1259 2205 combureret„
1293 2146 1460 2195 Ezech.
1496 2146 1558 2193 V.
1588 2161 1610 2193 1
1635 2145 1692 2193 ad
1710 2161 1755 2205 4.
1823 2146 1942 2212 Quia
1961 2147 2196 2211 Prophetae

221 2210 648 2275 repraesentaverunt
665 2213 874 2261 Verbum
888 2248 902 2270 ,
916 2211 966 2261 ἃ
987 2213 1090 2261 inde
1110 2212 1470 2274 significaverunt
1494 2208 1758 2259 Doctrinam
1784 2211 1995 2259 Ecclefiae
2012 2227 2067 2260 ex
2081 2212 2199 2259 Ver-

219 2277 307 2334 bo,
329 2288 377 2324 ut
400 2275 526 2339 supra
546 2276 713 2325 dietum
727 2275 892 2336 est,est
913 2279 1014 2340 quia
1034 2292 1114 2338 per
1135 2290 1270 2338 caput
1293 2275 1560 2339 significatur
1579 2273 1788 2337 sapientia
1807 2290 1863 2323 ex
1884 2277 2046 2324 Verbo
2059 2313 2073 2335 ,
2094 2277 2200 2324 inde

222 2356 304 2404 per
333 2342 590 2403 capillitium
623 2340 672 2390 ἃ
703 2357 781 2404 per
811 2343 994 2391 barbam
1025 2341 1354 2406 significabatur
1376 2341 1598 2389 Ultimum
1631 2340 1750 2388 veri:
1785 2340 1886 2402 quia
1910 2340 1995 2388 hoc
2018 2356 2096 2402 per
2125 2341 2201 2390 illa

222 2405 582 2469 fignificabatur‚
616 2406 720 2454 ideo
757 2405 928 2471 lignum
954 2407 1133 2471 grandis
1166 2405 1330 2463 Infitus,
1366 2403 1417 2453 δι
1451 2419 1626 2468 quoque
1655 2404 1823 2467 grande
1853 2404 2047 2453 dedecus
2074 2417 2198 2462 erat,

226 2473 444 2517 Calvitium
465 2469 542 2520 fibi
567 2472 802 2531 inducere,
826 2473 876 2520 ὃ(
893 2487 1068 2534 quoque
1095 2471 1240 2518 Calvus
1271 2484 1505 2532 apparere:
1540 2481 1721 2532 propter
1743 2469 1862 2516 illam
1885 2468 1933 2517 ἆ
1956 2485 2045 2518 non
2067 2471 2198 2518 aliam

223 2534 400 2583 causam
423 2548 518 2583 erat
532 2571 544 2593 ‚
571 2536 693 2599 quod
713 2536 931 2599 Propheta
954 2536 1187 2584 abraderet
1207 2536 1389 2598 capillos
1419 2533 1576 2596 capitis
1597 2533 1661 2581 sui
1684 2532 1731 2580 δι
1754 2536 1965 2592 barbam,
1996 2547 2043 2581 ut
2056 2551 2134 2596 per
2154 2533 2202 2583 id

223 2599 554 2660 repraesentaret
586 2601 747 2649 statum
778 2602 990 2650 Ecclefiae
1018 2601 1216 2663 Judaicae
1247 2599 1392 2662 quoad
1424 2599 1646 2646 Verbum:
1684 2610 1866 2660 propter
1896 2598 2015 2647 illam
2043 2599 2092 2648 δι
2113 2614 2205 2647 non

223 2665 355 2713 aliam
385 2665 562 2712 causam
595 2665 803 2729 discerpti
821 2667 919 2713 sunt
941 2665 1233 2728 quadraginta
1251 2664 1341 2712 duo
1366 2662 1492 2725 pueri
1522 2677 1549 2710 a
1573 2656 1743 2710 duabfls
1764 2662 1889 2720 ursis,
1925 2666 1988 2724 qui
2011 2662 2204 2725 Elisoeum

223 2741 463 2777 vocaverunt
490 2731 709 2789 Calvum„
749 2744 800 2779 11
831 2732 945 2792 Reg.
970 2730 1030 2777 11.
1054 2744 1128 2792 23.
1154 2744 1230 2786 24.
1258 2744 1281 2776 2
1287 2743 1340 2787 5,
1368 2743 1471 2775 nam
1491 2726 1712 2790 Propheta
1736 2726 2202 2790 repraesentabatVer·

224 2793 330 2840 bum
346 2831 359 2850 ‚
394 2807 442 2841 ut
461 2795 579 2856 prius
597 2794 767 2843 dictum
790 2794 877 2852 est,
906 2795 954 2843 ἃ
979 2796 1167 2844 Calvum
1187 2793 1461 2857 significabat
1483 2793 1585 2841 illud
1607 2790 1766 2854 absque
1788 2792 1864 2839 suo
1889 2792 2006 2842 sensu
2030 2794 2202 2842 ultimo,

228 2856 364 2918 Quod
396 2860 594 2907 Naziraei
623 2859 1031 2924 repraesentaverint
1059 2860 1304 2908 Dominum
1334 2858 1481 2920 quoad
1513 2858 1718 2905 Verbum
1752 2857 1798 2904 in
1831 2857 1913 2905 suis
1933 2859 2120 2910 ultimis,
2154 2857 2203 2902 in

227 2920 436 2980 sequente
457 2925 659 2972 Articulo
680 2940 721 2975 n.
737 2941 799 2984 49
821 2925 1067 2982 videbitur,
1101 2925 1207 2972 ideo
1226 2923 1434 2971 statutum
1454 2922 1539 2970 fuit
1558 2937 1640 2985 pro
1663 2922 1742 2969 illis
1755 2954 1769 2975 ,
1799 2935 1845 2968 ut
1865 2922 2060 2971 crescere
2083 2922 2203 2969 face-

228 2995 327 3030 rent
353 2999 556 3041 comam.
592 2987 640 3035 ἃ
664 2990 769 3037 nihil
791 2990 885 3053 ejus
904 2990 1196 3046 abraderent3
1227 2990 1280 3036 Ν
1282 2988 1460 3035 aziraeus
1483 2988 1618 3036 etiam
1639 2986 1685 3034 in
1707 2987 1881 3049 Lingua
1905 2988 2095 3034 Hebraea
2117 2983 2199 3046 fig-

227 3045 381 3094 nificat
401 3048 618 3119 Carnam:
654 3052 865 3101 statutum
894 3055 1030 3102 etiam
1049 3053 1136 3101 fuit
1167 3068 1250 3115 pro
1281 3052 1524 3100 Sacerdote
1545 3066 1739 3115 magno,
1776 3051 1902 3110 quod
1923 3065 2010 3097 non
2030 3048 2205 3095 raderet

227 3124 391 3173 caput,
426 3112 576 3164 Levlt-
611 3115 736 3161 XXI.
774 3133 860 3166 10:
894 3118 1089 3166 similiter
1120 3133 1202 3180 pro
1226 3117 1574 3170 Patrefamilias,
1607 3116 1756 3162 Levit.
1784 3114 1906 3160 XXI.
1934 3127 1994 3171 5:
2026 3112 2135 3159 Inde
2154 3128 2199 3160 e-

226 3187 320 3236 rat,
357 3174 478 3239 quod
511 3175 750 3225 Calvitium
779 3181 857 3227 illis
888 3183 1057 3241 grande
1086 3181 1282 3230 dedecus
1301 3180 1436 3240 esset,
1471 3193 1520 3228 ut
1538 3177 1741 3228 constare
1761 3174 1906 3238 potest
1925 3192 1979 3223 ex
2001 3176 2112 3242 his„
2148 3178 2204 3223 In

2079 3257 2205 3289 omm-

2623 2991 2632 3014 φ
2626 2962 2627 2966 Α
2608 2255 2632 2942 a.›zffl'asswf-afvffl-ffi‘ds...m'a‹ffi‡.=-2·.21....,ff;2.,->..„-
2629 2207 2632 2209 .
2626 2174 2630 2184 ,Α
2628 2127 2632 2134 ,
2627 2079 2632 2110 ,..
2629 1922 2632 1923 ,
