2632 3516
146 275 221 329 26
471 261 1752 355 οοΝΤιΝὐΑ-Τιο

143 394 466 452 interrogantur
486 402 594 436 num
613 387 797 438 credant
815 387 862 436 'se
881 387 1018 438 etiam
1037 388 1083 438 in
1105 390 1298 438 Terram
1318 391 1573 445 Canaanem
1595 388 1802 445 venturos
1823 396 1912 446 effe
1926 433 1941 453 ‚
1962 397 2115 449 dicunt

91 467 95 471 ’
147 454 267 518 quod
289 466 393 502 tunc
412 451 793 504 descensurizcum
816 452 998 513 dicitur,
1011 454 1129 517 quod
1151 467 1267 503 terra
1289 456 1360 503 illa
1378 471 1467 505 non
1482 456 1610 518 possit
1630 473 1773 521 capax
1792 460 1880 510 effe
1898 464 2120 523 omniurn,

144 517 411 581 respondent
433 517 550 580 'quod
574 529 682 566 tunc
702 517 996 580 ampliabitur.
1065 519 1178 565 Cum
1204 518 1390 578 dicitur,
1424 519 1544 584 quod
1569 535 1660 569 non
1682 518 1822 571 sciant
1843 527 1919 574 ubi
1942 529 2120 577 Bethle—

142 582 278 633 ehem·
296 619 309 643 ,
346 582 397 630 ἃ
431 581 629 646 quisnam
662 595 718 631 ex
745 581 879 644 stirpe
906 582 1096 631 Davidis
1119 619 1133 642 ,
1164 583 1432 646 respondent
1460 584 1582 647 quod
1610 599 1836 649 venturus
1856 590 2037 640 Meffias
2071 592 2116 642 id

142 649 271 698 sciat.
334 647 450 695 Cum
478 645 664 705 dicitur,
700 645 928 710 quomodo
955 646 1136 695 Mesfias
1157 647 1289 696 Filius
1310 647 1497 710 Jehovae
1515 649 1660 711 potest
1681 651 1880 701 habitare
1902 669 2006 702 cum
2027 669 2119 704 tam

145 712 295 767 malis,
315 709 581 774 respondent
598 710 719 775 quod
742 726 832 760 non
854 711 960 760 mali
983 710 1086 760 sint:
1107 726 1210 759 cum
1232 712 1393 760 dicitur
1415 713 1534 779 quod
1557 712 1687 776 usque
1698 715 1854 765 Moses
1873 718 1918 766 in
1931 719 2119 769 Cantico

145 777 248 836 fu0,
262 779 422 826 Deutr.
442 775 647 832 XXXII,
675 775 896 825 describat
913 775 1008 824 illos
1021 811 1033 831 ‚
1055 774 1105 823 ἅ
1125 776 1246 824 dicat
1267 776 1386 839 quod
1407 776 1577 839 pessimi
1597 777 1980 843 fint,respondent
1998 783 2120 846 quod

145 840 304 891 Moses
335 851 443 889 tunc
477 840 609 888 iratus
651 840 785 890 fuerit
817 839 936 902 quod
969 840 1215 888 discederet
1235 858 1247 890 z
1293 854 1339 890 at
1371 851 1475 890 cum
1513 842 1677 891 dicitur
1718 845 1839 906 quod
1873 846 2030 895 Moses
2070 849 2120 897 id

145 905 363 969 scripserit
383 918 440 953 ex
461 904 672 953 mandato
691 904 919 968 Jehovae,
955 918 1062 952 tunc
1090 917 1238 952 tacent
1251 941 1273 963 ,,
1299 905 1347 954 ἃ
1371 907 1535 963 abeunt
1569 905 1866 957 consultaturi.
1911 911 2026 958 Cum
2051 911 2120 960 di-

145 968 434 1083 ἓέἓῗᾜὲἓὲῗ
456 968 1265 1082 {²32¹}37¹?1‘fm12‘sc2235302333323
1299 969 1438 1097 ⁶333
1451 970 2123 1088 ss‘z‘z{‡³s‘2{⁰¹:i.0l¹z‘‡ae5ss³3h23ffl

147 1073 248 1148 finti
289 1101 401 1146 Cum
421 1097 582 1146 dicitur
600 1098 706 1151 illis,
726 1069 859 1160 ’quod
879 1070 1060 1147 interitis
1081 1099 1126 1146 in
1150 1098 1308 1147 Verbo
1327 1099 1468 1147 sensus
1489 1051 1716 1162 spirituaiiis
1739 1099 1817 1158 fir,
1848 1102 1926 1164 vqui
1947 1106 2039 1166 agit
2059 1104 2120 1152 de

147 1166 243 1213 solo
272 1161 470 1221 Christo,
507 1161 774 1225 respondent
807 1161 924 1225 quod
949 1177 1038 1210 non
1069 1163 1132 1211 ita
1153 1161 1233 1223 fit,
1265 1161 1342 1212 sed
1362 1163 1480 1227 quod
1508 1164 1687 1214 interius
1706 1164 1755 1214 in
1771 1166 1933 1215 Verbo
1953 1182 2043 1218 non
2063 1168 2124 1221 fir.

146 1228 227 1278 nifi
261 1242 395 1294 quarn
431 1242 618 1278 aurum:
651 1239 812 1291 praeter
844 1226 999 1276 similia
1033 1228 1170 1290 plura.

417 1371 543 1447 [e
583 1340 986 1488 Qtlaqueris
1015 1367 1107 1447 -in
1151 1333 1470 1458 Mundo,
1493 1366 1842 1476 spirituali.

150 1555 224 1613 83.
320 1560 397 1598 unt
418 1544 728 1601 Enthufiastici
763 1548 956 1613 spiritus,
992 1547 1179 1611 separati
1214 1552 1270 1612 ab
1305 1550 1511 1600 omnibus
1542 1549 1660 1609 allis,
1694 1562 1786 1599 tarn
1810 1551 1955 1601 obesae
1974 1551 2088 1603 naris
2099 1585 2122 1612 r

248 1558 316 1668 S
353 1627 400 1662 ut
423 1614 607 1664 credant
629 1615 673 1664 se
694 1616 906 1676 Spiritum
927 1614 1123 1664 sanctum
1147 1613 1259 1674 effe3
1280 1617 1323 1664 hi
1338 1653 1348 1673 ,
1371 1631 1475 1664 cum
1490 1616 1902 1678 Quaquerianismus
1921 1618 2122 1680 incepit,

145 1680 256 1729 ficut
286 1678 468 1728 extrae'ti
503 1678 600 1728 sunt
631 1695 656 1728 e
685 1680 814 1744 sylvis
841 1680 1129 1730 circumcirca
1156 1681 1231 1728 ubi
1256 1692 1477 1738 errarunt,
1514 1694 1566 1726 ac
1588 1678 1839 1727 obsiderunt
1861 1682 2033 1742 plures,
2068 1680 2123 1731 &

145 1744 401 1804 infuderunt
431 1743 754 1805 persuasionem
777 1744 895 1807 quod
921 1761 947 1792 a
967 1745 1131 1806 Spiritu
1160 1743 1308 1791 sancio
1331 1757 1587 1806 agerentur3
1618 1743 1666 1791 ἃ
1693 1743 1796 1806 quia
1821 1745 1940 1792 sensu
1969 1761 2116 1804 perce-

145 1821 305 1871 perunt
341 1808 558 1856 influxum
578 1844 593 1866 ,
627 1808 902 1870 Religiosum
930 1806 1044 1854 istud
1083 1810 1146 1855 ita
1171 1810 1410 1869 occupavit
1446 1807 1538 1855 illos
1572 1818 1713 1866 totos,
1752 1820 1799 1855 ut
1827 1809 2057 1857 crederent
2079 1809 2129 1858 se

148 1888 247 1935 prae‘
260 1874 436 1934 reliquis
457 1871 686 1925 illustratos
707 1872 756 1918 ὄι
779 1870 972 1927 Γεηέὶοες
993 1886 1127 1932 quare
1150 1872 1286 1918 etiam
1306 1887 1332 1918 a
1351 1871 1552 1934 religioso
1576 1870 1655 1919 sto
1675 1886 1761 1919 non
1784 1872 1947 1922 abduci
1965 1887 2121 1936 potue·

128 1946 263 1986 runt.
307 1937 373 1984 nli
404 1937 477 1997 qui
510 1935 554 1982 se
583 1934 958 1983 confirmaverunt
981 1935 1026 1982 in
1049 1935 1147 1991 illo,
1184 1935 1231 1982 in
1247 1934 1428 1983 similem
1451 1934 1790 1983 enthufiasmum
1816 1938 1993 1984 veniunt
2020 1936 2123 1998 post

148 2012 364 2058 mortem,
400 2015 454 2047 ac
487 1998 738 2061 separantur
768 2013 794 2045 a
825 1998 1028 2060 reliquis,
1063 1997 1112 2048 δι
1146 2000 1402 2062 ablegantur
1433 1998 1650 2060 in'sylvas
1682 2002 1736 2046 ad
1771 2000 1957 2059 ssmiles,
1994 2002 2069 2050 ubi
2091 2017 2120 2049 e

95 2105 98 2107 .
148 2067 391 2127 longinquo
411 2075 624 2125 apparent
644 2061 754 2110 ficut
771 2061 865 2109 sues
893 2062 918 2108 s
912 2062 1133 2121 ylvestres.
1168 2063 1238 2109 mi
1261 2078 1432 2119 autem,
1455 2063 1528 2124 qui
1551 2063 1594 2109 se
1615 2077 1703 2109 non
1725 2063 2119 2122 confirmaverunt,

81 2123 83 2136 '
150 2128 338 2193 separati
362 2129 419 2175 ab
442 2127 538 2174 aliis
553 2125 846 2174 amandantur
865 2127 911 2173 in
937 2126 1084 2171 locum
1113 2125 1300 2171 similem
1322 2126 1524 2182 desert0,
1557 2128 1630 2186 qui
1651 2126 1715 2174 est
1738 2127 1783 2177 in
1805 2128 1964 2176 ultimis
1979 2131 2125 2193 plagae

151 2190 476 2246 meridionalis,
510 2191 586 2237 ubi
609 2189 823 2250 speluncae
844 2187 1126 2250 sunt-templa
1150 2203 1323 2235 eorum.
2124 2222 2127 2224 -
2169 2227 2172 2229 .

221 2266 294 2316 84.
329 2253 563 2317 Postquam
598 2254 765 2316 priores
790 2252 959 2315 spiritus
989 2251 1284 2300 enthusiastici
1319 2252 1486 2300 abillis
1513 2251 1676 2300 remoti
1705 2250 1825 2306 sunt,
1862 2266 2028 2302 tremor
2046 2255 2124 2317 qui

153 2323 317 2373 ab'illis
342 2318 500 2368 invasit
529 2333 689 2380 corpus
717 2319 888 2366 illorum
910 2352 923 2375 ,
957 2316 1163 2374 ceffavit,
1196 2316 1246 2365 Gt
1279 2332 1393 2364 nunc
1422 2317 1668 2365 motionem
1701 2317 1755 2365 ad
1790 2317 2002 2366 sinistrum
2028 2319 2123 2367 sen-

151 2390 279 2437 tiunt.
348 2382 584 2444 Ostensum
611 2380 703 2439 cst,
736 2383 855 2444 quod
881 2396 905 2428 a
934 2385 1079 2441 primo
1107 2394 1308 2443 tempore
1336 2381 1573 2430 successive
1605 2383 1824 2430 abiverint
1858 2383 1902 2430 in
1939 2385 2124 2446 pejora,

155 2452 204 2502 ἃ
231 2450 413 2499 tandem
443 2448 488 2495 in
523 2446 691 2494 nefaria
725 2462 780 2493 ex
804 2446 1016 2493 manda-to
1037 2445 1208 2508 spiritus
1231 2444 1364 2493 sancii
1393 2446 1590 2500 illorum,
1626 2461 1723 2508 quae
1744 2448 1851 2493 nulli
1872 2450 2119 2508 propalant.

151 2520 382 2579 Loquutus
407 2512 500 2560 surn
529 2527 631 2560 curn
663 2509 955 2558 Instauratore
980 2509 1166 2574 religiosi
1205 2509 1402 2567 illorum,
1436 2509 1485 2556 ἃ
1517 2525 1620 2557 cum
1642 2511 1745 2557 -Pen
1768 2548 1778 2566 ‚
1815 2511 1889 2573 qui
1918 2512 2129 2560 dixerunt

153 2581 272 2645 quod
291 2581 335 2628 in
359 2579 517 2625 talibus
537 2577 699 2624 nullam*
714 2588 888 2637 partem
913 2575 1122 2623 habeant.
1185 2577 1272 2622 Sed
1297 2575 1360 2623 illi
1384 2574 1458 2637 qui
1478 2576 1581 2621 talia
1602 2587 1848 2636 patrarunt,
1885 2575 1982 2637 post
2003 2592 2121 2624 mor-

154 2659 247 2694 tem
282 2645 572 2692 demittuntur
612 2641 657 2688 in
697 2642 846 2688 locum
884 2639 1239 2698 tenebricosum,
1275 2638 1325 2688 ἃ
1362 2638 1513 2687 sedent
1545 2638 1591 2686 in
1624 2639 1792 2702 angulis
1813 2675 1826 2698 ,
1861 2651 2127 2702 apparentes

154 2710 262 2759 ficut
294 2721 501 2757 amurcae.
1247 2740 1250 2743 Α
1525 2745 1527 2747 ,

223 2781 297 2834 85.
335 2772 562 2836 Quoniam
596 2769 844 2833 rejecerunt
874 2769 976 2817 bina
1004 2771 1312 2824 Sacramenta,
1349 2768 1617 2830 Baptismum
1640 2765 1690 2815 <Sc
1711 2769 1890 2816 Sacram
1913 2769 2126 2828 Caenam,

157 2838 207 2886 ἃ
238 2840 369 2898 usque
397 2838 547 2898 legunt
569 2832 800 2892 Verbum,
838 2833 887 2881 <St
919 2835 1160 2895 praedicant
1190 2833 1462 2889 Dominum,
1495 2832 1543 2880 ἃ
1574 2832 1727 2880 obse-sti
1755 2849 1782 2881 a
1812 2832 2025 2895 spiritibus
2045 2850 2123 2882 en-

158 2900 416 2953 thusiasticis
441 2903 702 2962 loquuntur,
737 2898 787 2948 δε
809 2897 868 2945 fic
886 2900 1174 2947 commiscent
1201 2897 1346 2946 Γειηξὶει
1366 2898 1510 2945 Verbi
1535 2897 1819 2960 prophanatis
1840 2899 1975 2945 veri&
2017 2897 2127 2944 ideo

156 2967 272 3016 nulla
305 2965 487 3013 societas
519 2963 735 3012 formatur
761 2963 931 3010 ex'illis
964 2965 1013 3011 in
1041 2964 1223 3010 Mundo
1251 2962 1488 3024 spirituali,
1523 2962 1595 3009 sed
1636 2960 1864 3023 postquam
1907 2961 2131 3011 dissociati

158 3042 357 3083 errarunt
383 3027 470 3077 huc
499 3028 602 3077 illuc
620 3064 635 3089 ‚
667 3027 971 3091 disparantur,
1000 3026 1052 3077 <Sc
1081 3027 1128 3077 in
1156 3026 1404 3092 supradicio
1431 3026 1604 3076 deserto
1632 3027 1908 3090 colliguntur.

2044 3214 2121 3264 De
