2502 3432
485 172 626 238 ET
669 168 1281 246 BABYLONIA
1328 167 2023 234 DESTRUCTA.
2217 186 2257 248 7

272 299 488 360 hominis,
520 316 584 350 n:
612 302 673 364 87
695 297 753 345 ad
781 310 902 347 112:
949 296 1023 343 De
1063 293 1467 357 Correspondentia
1503 296 1628 343 Coeli
1667 313 1773 344 curn
1815 295 2029 345 omnibus
2061 291 2262 342 Telluris

271 387 333 419 n:
367 386 454 433 103
479 366 538 415 ad
566 381 690 429 1152
737 363 805 413 Et
837 361 893 410 de
930 360 1079 409 forma
1099 361 1257 418 Coeli,
1293 378 1324 408 n
1350 379 1360 408 :
1388 377 1484 410 200
1509 361 1564 407 ad
1592 377 1700 411 212.
1771 363 1848 410 Ex
1890 363 1976 411 hoc
2010 359 2261 410 Creationis
2327 352 2332 371 ³

165 443 170 445 ’
269 435 432 492 ordine„
466 432 664 482 constare
694 427 855 494 potest,
890 428 1016 493 quod
1052 428 1150 475 talis
1173 429 1407 476 continens
1429 443 1570 475 nexus
1594 427 1647 475 fit
1669 443 1693 474 a
1715 430 1874 490 primis
1896 422 1960 475 'ad
1995 428 2171 502 ultima,
2207 436 2262 502 ut

166 516 170 522 ’
267 500 399 550 simul
422 499 612 564 spec'tata
632 494 903 544 'constituant
937 511 1102 552 unum,
1138 495 1184 541 in
1208 510 1304 558 quo
1325 512 1418 544 non
1442 494 1624 559 separari
1649 493 1793 557 potest
1817 495 1940 556 prius
1963 510 1988 540 a
2009 494 2259 558 postenorx,
2341 499 2351 539 ἃ

262 565 445 633 prorsus
479 558 591 614 ficut
631 578 723 610 non
756 562 882 609 causa
919 578 944 609 a
982 561 1062 609 suo
1097 561 1278 619 effectu‚
1315 565 1375 609 ita
1411 578 1502 610 non
1528 560 1736 608 Mundus
1769 558 2003 623 spiritualis
2026 576 2051 605 a
2074 558 2262 605 Mundo
2349 546 2356 578 ¹²

268 631 471 690 naturali,
506 645 588 678 nec
609 629 683 677 hic
705 627 760 676 ab
783 627 881 685 illo,
916 628 1108 692 proinde
1131 642 1223 675 non
1248 627 1438 676 Coelum
1463 628 1748 690 Angelicum
1771 643 1796 673 a
1818 626 1993 673 Genere
2017 626 2260 680 Humano,

269 687 351 748 nec
372 699 654 747 Humanum
676 695 835 744 Genus
859 710 886 741 a
906 695 1044 742 Coelo
1066 695 1326 758 Angelico:
1362 706 1637 759 quapropter
1669 695 1729 741 ita
1761 691 1995 757 provisum
2024 689 2087 737 est
2119 691 2262 765 aDo-

269 753 415 819 mino,
451 775 503 808 ut
540 778 686 807 unum
731 756 912 807 mutuas
957 776 1129 823 operas.
1155 761 1332 824 praestat
1371 763 1514 818 alteri,
1549 776 1713 824 nempe
1749 759 1941 807 Coelum
1986 756 2264 819 Angehcum

111 821 116 825 ’
175 860 181 866 -
269 828 495 877 Humano
533 825 719 883 Generi,
768 825 818 872 &
863 824 1141 873 Humanum
1181 828 1339 873 Genus
1376 827 1518 874 Coelo
1554 825 1798 890 Angelico.
1867 823 1979 872 Inde
2016 822 2097 878 est,
2136 821 2266 884 quod

271 893 532 941 Manliones
555 891 796 954 Angelicae
830 890 1018 954 quidem
1053 892 1139 939 fint
1172 892 1221 939 in
1244 893 1400 950 Coelo,
1437 893 1494 943 ad
1517 891 1663 940 visum
1690 889 1898 956 separatae
1921 906 1946 936 a
1966 887 2268 964 mansioni-bus

271 959 353 1006 ubi
387 958 489 1006 sunt
524 957 748 1014 homineS,
783 955 857 1004 sed
877 956 1017 1022 usque
1038 958 1141 1006 sunt
1163 959 1286 1023 apud
1308 959 1545 1008 hominem
1566 959 1613 1006 in
1636 956 1731 1021 ejus
1755 955 2064 1005 affeffiombus
2086 954 2195 1001 boni
2218 955 2285 999 ὅτ’

271 1025 400 1071 veri:
435 1024 564 1088 quod
587 1023 644 1072 ad
666 1022 814 1071 visum
840 1023 1048 1088 separatae
1079 1024 1284 1073 fistantur
1322 1025 1386 1073 est
1424 1042 1482 1073 ex
1520 1025 1789 1090 apparentia,
1824 1035 1877 1071 ut
1906 1021 2103 1070 constare
2125 1018 2272 1083 potest

272 1105 332 1138 ex
354 1089 583 1146 Articuli),
617 1089 697 1136 ubi
736 1090 783 1136 in
806 1090 959 1154 Opere
995 1092 1054 1140 de
1076 1091 1214 1141 Coelo
1246 1091 1297 1140 &
1319 1091 1502 1141 Inferno
1524 1093 1676 1140 actum
1699 1091 1763 1139 est
1786 1090 1844 1143 de
1866 1089 2020 1154 Spatio
2042 1087 2089 1134 in
2114 1086 2271 1142 Coelo,

274 1172 306 1210 n
330 1173 345 1203 ε
378 1155 550 1218 191ad
579 1171 711 1219 199..
754 1155 902 1221 Qod
921 1157 1213 1221 Angelorum
1238 1158 1601 1219 mansiones-lint
1634 1158 1760 1224 apud
1796 1157 2003 1206 homines
2034 1154 2081 1202 in
2111 1168 2273 1231 eorum

274 1215 583 1284 affeftionibus
605 1219 718 1270 boni
736 1221 787 1270 &
810 1224 924 1282 veri,
958 1224 1225 1290 intelligitur
1248 1241 1328 1291 per
1350 1226 1449 1275 haec
1472 1226 1667 1275 Domini
1689 1224 1843 1284 verba,
1877 1228 1914 1251 “
1938 1221 2016 1272 Ille
2048 1237 2119 1285 qut
2140 1228 2276 1297 ‘amat

274 1280 379 1346 Me,
401 1290 631 1351 sermonem
665 1304 797 1337 meum
824 1291 1000 1352 servat,
1035 1289 1091 1338 &²
1117 1294 1255 1341 Pater
1276 1310 1389 1342 meus
1421 1295 1584 1342 amabit
1606 1293 1743 1351 illum,
1778 1290 1835 1341 ἐξ
1857 1290 1917 1339 ad
1935 1305 2026 1338 eum
2048 1301 2279 1363 ventfmus,

277 1353 337 1403 ὅ
373 1354 618 1414 marfionem
636 1354 638 1358 ’
656 1356 774 1417 apud
805 1372 898 1404 eum
926 1357 1188 1416 faciemus,'’
1222 1359 1345 1420 Joh:
1370 1376 1492 1408 xxv:
1520 1378 1601 1424 23,
1636 1375 1719 1423 per
1743 1361 1921 1407 Patrem
1943 1357 1994 1405 &
2016 1356 2278 1418 Dommum

275 1418 343 1467 ibi
363 1419 501 1468 etiarn
523 1420 790 1483 intelligitur
813 1422 1023 1479 Coelurn‚
1059 1441 1165 1471 nam
1199 1425 1280 1490 ulai
1303 1426 1535 1472 Dominus
1568 1426 1631 1471 ibi
1654 1424 1864 1479 Coelum,
1898 1422 2125 1470 Divinum
2155 1418 2278 1465 enim

278 1485 528 1548 procedens
551 1503 577 1534 a
596 1488 808 1536 Domino
827 1484 937 1536 facit
962 1489 1169 1547 Coelum,
1204 1490 1412 1538 videatur
1447 1491 1492 1537 in
1516 1492 1668 1554 Opere
1702 1489 1759 1536 de
1781 1488 1917 1535 Coelo
1953 1503 1984 1533 n
2011 1504 2022 1533 :
2052 1501 2078 1549 7
2103 1483 2161 1532 ad
2190 1498 2278 1560 ¹.²³

277 1551 331 1606 ἃ,
353 1568 415 1601 n:
446 1570 466 1600 1
481 1552 538 1600 16
558 1553 618 1610 ad
647 1569 755 1616 125.
823 1553 891 1600 Et
911 1569 1095 1618 quoque
1115 1572 1197 1619 per
1218 1556 1318 1606 haec
1341 1557 1539 1609 Domini
1562 1556 1715 1611 verba,
1752 1559 1787 1582 “
1811 1552 2070 1602 Paracletus
2094 1551 2283 1614 spirttus

278 1617 486 1676 veritatis
522 1616 642 1678 apud
675 1633 755 1668 vos
791 1628 950 1675 manet,
998 1619 1050 1670 ΕΒ
1090 1621 1138 1667 in
1175 1621 1297 1668 vobis
1328 1620 1433 1678 est,'’
1479 1621 1606 1680 Joh:
1629 1635 1748 1666 xw:
1781 1632 1838 1681 17
1860 1642 1876 1675 3
1923 1617 2180 1691 Paracletus
2220 1613 2286 1691 est

278 1678 509 1742 Divinum
530 1681 728 1741 Verum‘
743 1683 994 1745 procedens
1023 1699 1049 1730 a
1070 1685 1297 1743 Domine,
1335 1685 1457 1733 unde
1479 1687 1617 1734 etiam
1639 1693 1829 1732 vocatur
1854 1684 2048 1748 Spiritus
2070 1693 2285 1739 vernans,

279 1760 332 1801 ac
354 1746 586 1796 Divinum
607 1747 787 1797 Verum
820 1745 929 1797 facit
953 1749 1161 1808 Coelum‚
1197 1753 1245 1800 δε
1270 1768 1454 1817 quoque
1478 1752 1705 1816 Angelos,
1740 1751 1847 1816 quia
1871 1751 1972 1798 sunt
1995 1749 2284 1813 recipientes;

280 1812 410 1875 quod
445 1814 676 1864 Divinum
717 1815 966 1880 procedens
1005 1834 1032 1864 a
1062 1818 1273 1866 Domino
1311 1819 1366 1867 fit
1395 1819 1623 1867 Divinum
1646 1820 1844 1876 Verum,
1881 1818 1932 1866 δε
1970 1816 2074 1864 inde
2098 1815 2290 1892 {Icelum

282 1879 585 1942 Angelicum‚
618 1881 827 1930 videatur
861 1883 910 1928 in
932 1884 1088 1947 Opere
1124 1885 1182 1932 de
1211 1886 1367 1943 Coele,
1402 1903 1433 1932 n
1460 1906 1471 1935 ε
1502 1887 1592 1934 126
1616 1886 1673 1933 ad
1704 1901 1810 1946 140.
1881 1883 2039 1930 Simile
2061 1896 2194 1930 enam
2220 1898 2290 1929 m·

281 1942 505 2007 telligitur
542 1958 624 2007 per
663 1943 764 1991 haec
785 1944 981 2008 Domini
1015 1949 1173 1996 yerha.
1210 1957 1243 1978 “
1265 1954 1459 2010 Regnum
1483 1953 1571 1998 Dei
1609 1954 1726 1999 intus
1764 1953 1810 1998 in
1849 1951 1974 1997 vobis
2011 1948 2115 2006 tst,''
2150 1948 2287 1994 Luc:

282 2015 544 2054 sensnum,
585 2010 810 2062 Regnum
845 2012 934 2051 Dei
972 2001 1038 2050 est
1076 2004 1304 2056 Divinum
1346 2014 1533 2060 Bonum
1570 2020 1621 2064 δε
1646 2020 1843 2070 Verum,
1894 2015 1941 2060 in
1980 2013 2147 2077 quibus
2187 2013 2290 2062 sunt

284 2063 474 2128 Angeli.
543 2065 690 2127 Qod
712 2067 887 2130 Angeli
915 2069 966 2116 &
990 2069 1184 2134 Spiritus
1218 2075 1342 2137 apud
1383 2075 1619 2125 hominem
1656 2078 1759 2136 lint,
1796 2080 1847 2126 δε
1877 2079 1923 2126 in
1958 2077 2056 2142 ejus
2089 2079 2293 2128 affectio·

286 2129 439 2188 nibus,
472 2129 635 2178 datum
673 2131 738 2179 est
778 2132 939 2184 millies
960 2136 1114 2185 videre
1144 2154 1203 2185 ex
1236 2140 1421 2189 illorum
1454 2143 1690 2206 praesentia
1711 2146 1761 2192 δε
1787 2145 2016 2194 manfione
2036 2147 2159 2210 apud
2183 2162 2258 2193 me
2273 2167 2291 2202 ς

287 2196 366 2245 sed
393 2196 559 2260 Angeli
583 2198 632 2245 δι
656 2195 834 2262 spiritus
858 2216 950 2249 non
973 2201 1119 2251 sciunt
1150 2206 1270 2270 apud
1304 2223 1420 2272 quos
1451 2210 1658 2260 homines
1690 2210 1810 2270 sunt,
1843 2211 1958 2260 ficut
1980 2228 2062 2260 nec
2087 2213 2294 2260 homines

290 2277 399 2310 cum
433 2262 600 2326 quibus
625 2264 816 2327 Angelis
838 2266 888 2315 &
913 2266 1139 2332 spiritibus
1162 2272 1438 2334 cohabitant,
1472 2276 1562 2325 hoc
1584 2279 1707 2327 enim
1731 2279 1862 2327 novit
1884 2280 1935 2328 δε
1955 2278 2155 2342 disponit
2178 2277 2294 2326 solus

287 2328 551 2387 Dominus:
589 2327 735 2385 Verbo
767 2330 834 2378 est
868 2335 1082 2390 Omnium
1119 2337 1411 2393 affectionum
1448 2341 1558 2388 boni
1593 2345 1646 2390 δε
1669 2346 1764 2390 veri
1793 2338 1991 2392 e'xtenfio
2014 2346 2060 2390 in
2084 2343 2292 2398 Coehnn,
2313 2361 2324 2371 ·

214 2434 217 2443 Α
290 2380 344 2444 Sc
379 2393 741 2451 communicatio
777 2395 827 2441 δε
866 2397 1128 2458 conjunffio
1166 2417 1275 2446 cum
1315 2402 1401 2448 inis
1441 2404 1504 2448 ibi
1537 2407 1619 2466 qui
1655 2407 1701 2452 in
1740 2408 1960 2453 fimilibus
1980 2407 2324 2454 affectionibus«

294 2448 416 2523 sunt,
453 2459 502 2515 δε
524 2457 588 2515 est
615 2457 816 2514 extenfio
846 2463 1069 2524 omnium·
1092 2464 1384 2525 affectionum
1420 2467 1526 2515 mali
1548 2470 1599 2516 δε
1622 2469 1715 2516 falfi
1739 2473 1786 2518 in
1809 2470 2054 2529 infernum,
2089 2489 2138 2520 ac
2163 2489 2293 2522 com-

299 2523 546 2571 municatio
569 2523 620 2571 &
642 2521 903 2589 conju‘nfflo
926 2543 1033 2576 cum
1058 2529 1145 2578 illis
1169 2532 1232 2579 ibi
1264 2534 1344 2596 qui
1377 2535 1422 2580 in
1461 2534 1681 2590 similibus
1711 2537 2020 2586 affeffionibus
2058 2538 2193 2596 sunt;
2230 2538 2296 2587 est

300 2587 589 2643 affeffionum
613 2591 813 2640 extensio
835 2594 882 2641 in
920 2596 1148 2645 mundum
1184 2597 1477 2662 spiritualem,
1512 2618 1641 2666 paene
1679 2602 1793 2652 ficut
1828 2604 1892 2651 est
1915 2604 2033 2652 visus
2072 2606 2120 2652 in
2158 2621 2293 2653 mun-

300 2654 418 2701 dum
451 2656 693 2704 naturalem
715 2680 732 2714 3
766 2662 1203 2712 communicationes
1241 2667 1462 2715 utrobivis
1503 2668 1604 2718 sunt
1642 2685 1772 2733 paene
1804 2669 1985 2729 similes,
2020 2687 2127 2719 curn
2163 2671 2295 2719 diffe-

298 2721 444 2783 rentia
475 2732 642 2779 tamen,
676 2725 803 2785 quod
825 2727 873 2774 in
898 2730 1074 2778 mundo
1095 2732 1283 2780 naturali
1306 2734 1392 2781 lint
1413 2733 1603 2799 objesta,
1638 2748 1682 2782 at
1706 2737 1750 2782 in
1775 2737 1952 2784 mundo
1974 2736 2184 2801 spirituali
2207 2738 2295 2784 fint

301 2783 528 2834 societates
568 2789 795 2851 angelicae.
864 2791 942 2840 Ex
979 2795 1047 2843 his
1086 2810 1225 2859 patet,
1271 2800 1397 2863 quod
1438 2802 1538 2848 talis
1577 2802 1631 2847 fit
1670 2817 1810 2850 nexus
1845 2803 1955 2850 coeli
1988 2804 2201 2867 Angelici
2242 2805 2292 2851 ὅτ,

302 2852 519 2911 Humani
544 2853 745 2912 Generis,
780 2867 833 2904 ut
870 2874 1015 2907 unum
1055 2862 1253 2912 subfistat
1283 2866 1340 2912 ab
1375 2868 1528 2926 altero,
1563 2867 1613 2915 &
1645 2870 1771 2932 quod
1794 2870 1986 2918 Coelum
2011 2871 2294 2935 Angelicum

306 2918 468 2982 absque
491 2920 718 2969 Humano
739 2921 913 2988 Genere
947 2926 999 2973 fit
1034 2927 1147 2977 ficut
1178 2932 1362 2979 Domus
1398 2933 1562 2997 absque
1601 2931 1913 2995 fundamento,
1949 2951 2053 2984 nam
2096 2939 2141 2984 in
2182 2936 2296 2983 illud

309 2984 468 3033 definit
490 2985 698 3044 Coelum,
731 2989 782 3036 δε
818 2990 949 3054 super
982 3006 1037 3040 eo
1060 2997 1318 3058 requiescit.
1390 3001 1511 3047 Haec
1553 2999 1595 3048 se
1634 3001 1797 3051 habent
1834 3003 1946 3051 ficut
1985 3003 2108 3067 apud
2148 3003 2295 3066 ipsum

311 3048 547 3126 hominem
568 3054 615 3099 in
639 3055 911 3128 particulari,
947 3056 1042 3122 ejus
1079 3060 1322 3126 spiritualia
1357 3082 1463 3129 quae
1501 3063 1602 3114 sunt
1635 3066 1729 3131 ejus
1752 3071 2036 3134 cogitationis
2060 3071 2110 3117 δε
2134 3069 2297 3116 volun-

312 3125 430 3186 taus,
464 3119 659 3187 influunt
680 3122 726 3170 in
749 3137 843 3190 ejus
867 3127 1093 3194 naturalia,
1127 3144 1232 3194 quae
1269 3130 1370 3198 sunt
1408 3131 1504 3199 ejus
1543 3133 1839 3186 sensationum
1880 3139 1927 3187 &
1964 3137 2209 3192 aetionum,
2241 3134 2299 3244 ἐξ

2241 3215 2254 3245 1
2290 3213 2302 3242 ι

2340 2369 2415 2429 ffl.
2427 2364 2502 2414 '314
