2632 3516
209 253 286 325 '44
395 233 889 305 DOCTRINA
935 232 1213 331 NOVAE
1264 237 1974 305 HIEROSOLYMAE

209 374 498 424 firmaverunt
529 366 639 417 salsa
672 366 766 432 ejus
797 362 915 430 apud
948 363 1024 425 se,
1055 364 1105 415 δι
1135 370 1390 427 compertus
1409 368 1529 428 su‘m',
1562 371 1681 434 quod
1699 370 1893 422 instruffi
1912 374 1967 422 ab
1990 373 2175 436 Angelis

210 436 317 486 falsa
340 435 608 498 rejecerint,
641 432 694 481 ἃ
718 446 826 481 vera
845 431 1113 490 imbuerint3
1144 429 1194 479 δι
1216 431 1332 494 quod
1355 433 1400 481 hi
1422 432 1576 484 salvati
1594 434 1702 494 fint,
1736 450 1996 486 nonautem
2014 439 2087 487 ini.
2112 437 2176 484 U-

211 499 469 563 nusquisque
498 498 637 546 homo
658 494 761 560 post
778 508 970 545 mortem
988 493 1209 544 instruitur
1230 498 1286 545 ab
1309 498 1500 561 angelis,
1537 497 1586 547 &
1607 501 1872 563 recipiuntur
1893 503 1953 551 illi
1977 503 2051 565 qui
2071 516 2177 549 vera

210 563 398 624 vident,
434 562 484 612 δι
514 577 572 611 ex
601 562 717 618 veris
745 559 880 620 falsa,
914 575 1019 608 nam
1037 560 1166 609 datur
1184 559 1324 610 cuivis
1343 578 1451 613 vera
1469 563 1744 626 spiritualiter
1767 566 1921 615 videre
1944 567 2044 630 post
2062 580 2179 617 mors

212 640 335 688 tem3
371 643 478 677 vera
505 626 662 676 vident
691 625 751 675 illi
780 625 855 690 qui
883 640 973 672 non
1003 625 1047 672 se
1078 625 1481 686 confirmaverunt,
1515 627 1590 675 sed
1614 628 1752 692 quise
1775 628 2178 688 confirmaverunt,

210 693 310 742 non
338 694 495 742 volunt
522 691 679 741 videre
707 690 845 750 ver'a,
871 688 929 756 &⁴
951 688 985 754 si
1009 690 1184 751 vident,
1220 692 1266 740 se
1285 704 1407 740 retro
1423 703 1632 752 vertunt,
1664 691 1714 743 ἃ
1735 705 1839 744 tunc
1859 698 1931 745 vel
1955 696 2011 745 ad
2031 697 2102 745 illa
2121 695 2179 743 ri-

206 758 344 818 dent,
380 759 452 806 vel
473 756 549 805 illa
567 754 817 804 falsificant.
1352 786 1353 789 κ
1700 803 1704 807 ,

274 837 352 882 94.
387 821 477 879 Sed
496 822 586 869 hoc
606 818 838 869 illustretur
854 835 933 883 per
951 819 1243 880 Exemplum:
1262 819 1306 868 in
1324 820 1488 870 Verbo
1509 822 1655 870 multis
1675 823 1721 870 in
1739 823 1846 871 locis
1867 824 2069 872 tribuitur
2083 824 2180 873 Do·

210 886 337 937 mino
367 886 457 941 ira,
504 885 897 943 excandescentia,
932 883 1160 942 vindiEia,
1195 884 1245 933 δι
1275 884 1395 948 quod
1426 884 1602 947 puniat,
1637 884 1821 948 dejiciat
1849 886 1895 934 in
1929 888 2184 946 infernum,

206 953 379 1008 tentet,
414 949 464 999 δι
482 951 608 1013 plura
626 949 825 1008 fimilia31
841 950 915 1012 qui
934 949 1023 997 hoc
1043 947 1299 1010 fimpliciter
1318 949 1462 998 credit
1475 985 1490 1009 ,
1523 947 1574 997 &
1595 963 1831 1012 propterea
1853 950 1981 999 timet
2002 954 2150 1001 Deum
2163 986 2179 1010 ‚

199 1016 264 1067 ,ἃ
293 1016 374 1064 fibi
405 1026 539 1064 cavet
566 1029 593 1062 a
628 1029 822 1077 peccare
847 1025 1004 1062 contra
1026 1012 1203 1074 Ipsum,
1237 1015 1309 1062 ille
1326 1026 1509 1077 propter
1530 1012 1774 1076 simplicem
1795 1015 1914 1063 illam
1931 1016 2070 1065 fidem
2090 1030 2182 1066 non

210 1081 477 1138 damnatur3
510 1077 586 1127 sed
614 1079 690 1142 qui
718 1078 838 1142 apud
870 1077 915 1126 se
945 1076 1181 1126 confirmat
1208 1079 1282 1127 illa
1302 1079 1523 1142 eousque..
1554 1090 1602 1125 ut
1623 1079 1804 1139 credat,
1838 1082 1956 1142 quod
1976 1082 2069 1139 ira,
2104 1096 2181 1129 ex-

209 1143 550 1204 candescentia,
584 1143 809 1202 vindiEta,
844 1141 895 1192 δι
926 1141 990 1190 fic
1020 1141 1130 1190 talia
1157 1157 1253 1204 quae
1285 1143 1388 1191 mali
1421 1143 1542 1200 sunt,
1574 1143 1693 1204 apud
1721 1145 1967 1192 Dominum
1986 1144 2094 1203 fint,
2129 1144 2182 1195 δι

213 1210 335 1274 quod
356 1225 412 1258 ex
433 1210 524 1267 ira,
558 1208 924 1258 excandescentia
945 1205 995 1255 δι
1017 1206 1215 1256 νίηάἰὲὶε
1233 1208 1459 1256 hominem
1477 1207 1655 1270 puniat,
1689 1206 1739 1256 δι
1760 1208 1807 1256 in
1827 1207 2046 1267 infernum
2069 1208 2181 1272 deji-

212 1276 331 1334 ciat,
364 1275 435 1323 ille
464 1273 723 1332 damnatur,
754 1273 856 1336 quia
886 1271 1125 1335 genuinum
1146 1287 1302 1319 verum
1324 1271 1567 1329 destruxit,
1597 1273 1718 1332 quod
1741 1271 1806 1319 est
1824 1274 1942 1333 quod
1962 1274 2184 1322 Dominus

210 1339 268 1388 fit
301 1339 400 1402 Ipse
429 1340 600 1398 Amor,
635 1338 734 1401 Ipsa
757 1335 1092 1393 Misericordia,
1128 1334 1179 1383 &
1199 1336 1347 1398 Ipsum
1366 1337 1563 1391 Bonum,
1597 1334 1646 1382 δι
1667 1336 1759 1400 Qui
1780 1335 1845 1383 est
1866 1337 1958 1395 illa,
1993 1353 2182 1400 non-po·

210 1403 300 1452 test
314 1403 440 1452 irasci
457 1439 471 1460 ‚
505 1401 850 1459 excandescere,
886 1400 936 1449 δι
953 1400 1192 1462 vindicare.
1259 1399 1398 1466 Quod
1413 1400 1488 1451 illa
1509 1399 1715 1449 Domino
1729 1399 2000 1462 tribuantur,
2034 1400 2103 1450 est
2121 1416 2184 1452 ex

211 1467 488 1531 apparentia.
555 1467 768 1516 Similiter
790 1467 837 1514 in
859 1465 1007 1514 multis
1024 1465 1138 1514 aliis.
1495 1487 1498 1490 ⁴
2147 1494 2149 1497 .

275 1548 356 1594 95.
391 1532 532 1598 Quod
556 1533 683 1595 plura
700 1531 747 1580 in
766 1530 888 1579 sensu
911 1531 1048 1578 literae
1071 1530 1154 1579 sint
1174 1531 1302 1580 Vera
1321 1531 1603 1596 apparentia,
1635 1529 1680 1581 in
1706 1532 1860 1595 quibus
1879 1533 2007 1581 Vera
2025 1532 2182 1596 genui-

209 1613 271 1648 na
306 1599 475 1656 latent,
510 1596 560 1646 δι
590 1596 709 1660 quod
738 1611 828 1644 non
860 1595 1120 1644 damnosum
1148 1594 1459 1645 fittse'cundum
1483 1597 1611 1645 Vera
1630 1597 1830 1659 cogitare
1849 1595 1898 1644 ἃ
1922 1598 2067 1659 loqui,
2103 1595 2179 1645 sed

159 1714 163 1717 ,
209 1662 334 1727 quod
354 1661 615 1711 damnosum
637 1661 690 1709 sit
710 1660 976 1710 confirmare
997 1661 1068 1708 illa
1086 1660 1220 1723 usque
1244 1662 1302 1707 ad
1325 1658 1663 1708 destruetionem
1684 1660 1862 1722 genuini
1886 1661 2025 1719 Veri,
2059 1661 2179 1724 quod

209 1727 329 1776 intus
350 1728 480 1786 latet,
514 1725 711 1780 illustrari
734 1727 870 1774 etiam
895 1724 1041 1786 potest
1060 1739 1141 1786 per
1161 1724 1425 1786 Exemplum
1446 1724 1491 1771 in
1511 1735 1688 1782 natura,
1702 1724 1820 1786 quod
1841 1725 2064 1784 adfertur,
2078 1726 2182 1788 quia

205 1793 406 1841 naturale
436 1792 592 1840 clarius
621 1805 754 1853 quam
786 1789 1016 1852 spirituale
1035 1788 1170 1836 docet
1202 1787 1254 1836 &
1288 1787 1533 1849 persuadet.
1602 1789 1772 1836 Coram·
1800 1791 1933 1837 oculis
1961 1802 2177 1852 apparet,
2202 1844 2206 1847 ,

206 1855 320 1904 ficut
342 1857 417 1904 Sol
448 1855 606 1918 quovis
634 1855 708 1902 die
728 1854 898 1902 circum
917 1853 1116 1900 tellurem
1138 1851 1332 1911 feratur,
1359 1852 1407 1901 ἃ
1429 1867 1604 1915 quoque
1628 1853 1756 1901 semel
1781 1857 2009 1915 quotannis
2025 1891 2037 1910 ,
2072 1855 2196 1903 inde—

210 1922 260 1970 in
282 1921 453 1970 Verbo'
471 1918 636 1968 dicitur
667 1917 787 1980 quod
820 1918 895 1966 Sol
924 1916 1090 1965 oriatur
1119 1915 1170 1965 ἃ
1200 1917 1410 1977 occidat,
1436 1919 1559 1980 'quod
1578 1917 1714 1965 faciat
1732 1934 1887 1976 mane,
1922 1919 2180 1978 meridiem,

208 1983 444 2046 vesperam
477 1982 526 2032 δι
554 1994 764 2039 noctem,
798 1994 930 2045 atque
960 1995 1163 2043 tempora
1197 1981 1340 2035 veris.
1376 1980 1534 2029 aestatis
1549 2015 1568 2040 ‚
1604 1983 1805 2030 autumni
1828 1982 1877 2030 ἃ
1899 1983 2092 2045 hyemis,
2126 1983 2179 2032 ἃ

212 2048 275 2096 fic
291 2048 385 2096 dies
404 2046 455 2096 ἀ
473 2061 638 2104 annos;
670 2061 773 2095 cum
808 2058 959 2094 tamen
983 2047 1058 2094 Sol
1079 2045 1292 2096 immotus,
1305 2045 1415 2104 stat,
1447 2044 1514 2093 est
1541 2046 1660 2093 enim
1685 2047 1890 2094 Oceanus
1913 2048 2091 2109 igneus,
2126 2043 2179 2095 ἃ

209 2113 369 2160 Tellus
392 2110 755 2159 circumvolvitur
776 2110 1001 2172 quotidie,
1035 2108 1086 2158 ἃ
1105 2109 1417 2158 circumfertur
1441 2111 1694 2173 quotannis:
1716 2112 1853 2158 homo
1893 2112 1966 2174 qui
1994 2125 2050 2159 ex
2077 2110 2177 2158 sim-

213 2177 415 2241 plicitate
447 2174 497 2224 δι
526 2190 582 2223 ex
612 2174 861 2238 ignorantia
883 2173 1081 2236 cogitat,
1103 2175 1223 2237 quod
1254 2175 1612 2228 circumferatur,
1635 2190 1725 2222 non
1745 2174 1924 2224 destruit
1943 2177 2182 2224 veritatem

212 2242 495 2297 naturalem,
540 2254 640 2302 quae
669 2237 764 2297 est,
798 2237 918 2302 quod
954 2238 1111 2285 Tellus
1141 2238 1341 2300 quotidie
1367 2252 1536 2287 rotetur
1569 2239 1737 2286 circum
1769 2254 1930 2295 axem,
1965 2239 2016 2289 ἃ
2048 2253 2178 2302 quot-

212 2306 338 2355 annis
362 2305 528 2354 feratur
549 2303 790 2352 fecundum
811 2302 1114 2364 ecclipticam:
1147 2315 1194 2350 at
1227 2302 1300 2365 qui
1331 2303 1565 2352 confirmat
1584 2315 1873 2366 apparentem
1888 2304 1985 2353 solis
2007 2318 2185 2355 rnoturn>

212 2370 264 2420 ἀ
298 2370 472 2419 cursum
493 2384 574 2433 per
592 2369 828 2424 Verbum,
867 2367 914 2416 δι
941 2382 1020 2429 per
1050 2367 1284 2416 ratiocinia
1303 2384 1360 2416 ex
1385 2367 1568 2416 naturali
1592 2367 1799 2427 homine,
1834 2370 1871 2417 is
1890 2369 2083 2417 infirmat
2102 2385 2184 2421 ve-

206 2437 411 2495 ritatem,
445 2434 495 2483 &
518 2448 699 2498 quoque
719 2431 900 2481 destruit
926 2433 1062 2480 illam.
1127 2432 1263 2498 Quod
1296 2434 1371 2482 Sol
1393 2445 1654 2492 moveatur,
1687 2431 1752 2480 est
1771 2449 1983 2496 apparens
2002 2449 2186 2494 verum,

214 2501 336 2564 quod
369 2515 459 2548 non
488 2502 749 2557 moveatur,
785 2497 849 2545 est
874 2497 1118 2561 genuinum
1133 2513 1315 2558 verum,
1338 2495 1826 2562 guiQfflissstjQffli,
1847 2498 2084 2563 ssscflffliiffl
2105 2515 2183 2568 gp:

200 2579 579 2629 parennem,
591 2562 1069 2626 ...534.fflzouueloquitur
1082 2555 1928 2629 .,iedftrogimerecundqm„pinnifer
1948 2557 2182 2629 confirfnae·

202 2624 1569 2693 ,tione,hoccintellefiumtrationalssmhehetatsst-opacat.
1634 2627 1784 2674 Simile
1813 2624 1876 2675 est
1910 2625 2028 2676 curn'
2049 2624 2211 2678 stellis
2262 2668 2265 2671 .

208 2695 322 2744 'Caeli
368 2693 583 2751 astriferi3
613 2707 827 2755 apparens
867 2707 1025 2740 verum
1064 2690 1155 2752 est,
1191 2693 1309 2755 quod
1340 2693 1426 2740 illae
1454 2707 1628 2756 quoque
1661 2693 1790 2738 semel
1819 2695 2038 2755 quotidie,
2073 2694 2182 2743 ficut

211 2757 273 2806 sol
290 2797 302 2814 ,
337 2758 702 2808 circumferantur
719 2792 733 2815 ,
765 2772 901 2820 quare
927 2758 1087 2805 dicitur
1105 2758 1240 2806 etiarn
1258 2759 1316 2806 de
1332 2756 1484 2818 stellis,
1520 2756 1639 2821 quod
1659 2757 1852 2804 oriantur
1875 2757 1925 2806 ἃ
1947 2761 2185 2820 occidant;

213 2822 289 2869 sed
308 2824 550 2887 genuinum
585 2837 739 2871 verum
771 2820 862 2881 est,
898 2822 1016 2885 quod
1045 2820 1181 2871 stellae
1213 2822 1296 2871 sint
1317 2822 1442 2882 fixae,
1477 2823 1526 2872 δι
1559 2821 1677 2884 quod
1708 2822 1875 2870 Caelum
1901 2824 2075 2874 illarum
2098 2826 2180 2874 im*

214 2899 388 2934 motum
423 2887 535 2945 stet3
565 2899 762 2936 attamen
785 2887 932 2950 potest
950 2886 1130 2950 quisque
1147 2888 1384 2936 secundum
1406 2888 1711 2951 apparentiam
1732 2887 1864 2949 loqui.
2211 2936 2214 2939 Δ

278 2954 356 3006 96.
390 2951 525 3014 Quod
549 2952 810 3000 damnosum
841 2951 897 3000 fit
926 2951 1192 3001 confirmare
1220 2968 1441 3017 apparens
1459 2968 1616 3001 verum
1644 2951 1823 3011 Verbi,
1857 2952 1990 3016 usque
2016 2952 2078 2999 adr
2101 2951 2179 2998 de·

212 3011 499 3064 strufflonem
522 3017 700 3074 genuini
725 3016 847 3075 veri,
883 3017 1005 3080 quod
1035 3017 1150 3065 intus
1167 3019 1299 3076 latet,
1336 3017 1401 3065 est
1425 3019 1525 3081 quia
1546 3015 1699 3064 omnia
1715 3013 1762 3062 <Sc
1784 3016 1947 3079 lingula
1965 3016 2104 3064 sensus
2125 3016 2175 3060 li-

216 3091 326 3125 terae
343 3076 487 3124 Verbi
506 3081 834 3127 communicant
854 3095 958 3129 cum
977 3082 1123 3139 Caelo,
1158 3082 1208 3129 δε
1228 3083 1427 3144 aperiunt
1445 3082 1574 3140 illud,
1609 3079 1846 3127 secundum
1866 3082 1960 3138 illa,
1995 3094 2090 3139 quae
2109 3079 2175 3124 su-

208 3157 296 3205 »pra
315 3156 360 3192 n.
385 3145 443 3190 62
466 3141 522 3189 ad
550 3145 608 3199 69
622 3174 636 3198 ‚
671 3142 789 3190 dieta
806 3144 915 3193 sunt.
982 3147 1100 3195 Cum
1117 3147 1266 3211 itaque
1285 3147 1424 3216 nomo
1445 3148 1568 3197 illurn
1585 3143 1968 3214 sensumjpplicat
1988 3142 2047 3205 ad,
2066 3157 2171 3189 com

1367 3210 1393 3214 ..,
1401 3208 1496 3215 -7-..1
1503 3205 1656 3213 ..κώφω-

1000 3219 1154 3229 *sm-‘⁷
1163 3213 1291 3224 ‘W‘
1927 3205 1931 3207 ’
1960 3204 1962 3206 ’
1991 3203 2170 3255 firman-
