2502 3432
536 185 668 253 ET
712 182 1317 250 BABYLONIA
1364 182 2047 248 DEsT-Ruc‘rA.
2259 201 2305 264 9

310 317 436 383 quod
460 317 515 366 fit
537 317 747 367 omnium
769 307 1094 380 perfeffiffima‚
1131 312 1247 360 &in
1279 311 1426 359 forma
1456 310 1768 375 perfectissima
1799 328 1896 375 quo
1925 311 2077 376 plures
2107 307 2211 358 sunt
2242 323 2299 356 eo

307 386 508 448 plurium
546 384 731 432 direfflo
763 383 815 428 &
848 378 1080 436 consensus
1115 379 1170 426 ad
1211 394 1356 426 unum
1395 379 1543 434 datur,
1578 379 1628 424 δε
1659 393 1716 424 eo
1753 379 1912 426 arctior
1953 379 2002 426 ac
2037 376 2294 425 unanimior

306 449 596 514 conjunsti03
629 444 858 500 consensus
880 445 1060 507 &inde
1096 443 1358 508 conjundtio
1397 443 1552 492 crescit
1588 458 1645 490 ex
1678 443 1945 505 pluralitate,
1980 459 2085 491 nam
2119 458 2291 490 unum·

302 517 501 580 quodvis
525 515 586 563 ibi
608 512 809 561 inseritur
830 524 882 559 ut
904 512 1035 559 affine
1059 511 1377 558 intermedians
1399 512 1515 558 duos
1536 521 1612 557 aut
1644 509 1810 573 plures,
1844 509 1894 555 ὅτ.
1917 510 2042 571 quod
2066 509 2294 565 inseritur,

301 581 388 629 hoc
410 581 648 628 confirmat
670 580 721 627 δι’
742 577 996 641 coniungit.
1064 579 1233 626 Forma
1255 577 1379 625 Coeli
1402 576 1466 624 est
1492 576 1647 623 similis
1680 573 1843 622 formae
1867 576 2031 621 mentis
2054 575 2291 631 humanae,-

299 644 428 710 cujus
450 644 662 710 perfefflo
682 644 834 693 crescit
857 645 1104 692 secundum
1130 646 1402 692 incrementa
1426 643 1520 691 veri
1545 644 1594 690 &
1619 642 1745 697 boni,
1780 640 1900 687 unde
1920 640 2212 703 intelligentia
2231 642 2283 688 δε

298 711 507 776 sapientia
526 734 542 766 3
575 711 703 775 quod
736 709 882 759 forma
912 712 1073 759 mentis
1097 711 1325 767 humanae,
1361 720 1467 773 quae
1494 708 1558 756 est
1589 709 1635 755 in
1663 707 1874 772 sapientia
1905 706 1954 754 δε
1989 706 2283 778 intelligentia

296 777 483 834 coelesti,
516 772 571 825 fit
595 777 748 824 fimilis
771 776 934 824 formae
955 776 1081 834 coeli,
1117 777 1181 824 est
1205 779 1311 841 quia
1335 792 1462 823 mens
1483 776 1545 822 est
1569 775 1758 822 minima
1785 775 1940 835 imago
1971 788 2066 834 ejus
2087 770 2251 820 formae
2266 795 2283 826 ·,

297 843 403 891 inde
436 843 500 891 est
534 844 659 907 quod
693 843 1047 890 communicatio
1068 842 1337 890 omnimoda
1357 842 1411 889 fit
1433 841 1763 904 cogitationum
1787 840 1836 887 &
1861 838 2150 885 affeffionum
2175 838 2286 885 boni

296 909 345 957 δι
367 911 460 956 'veri
491 910 615 973 apud
649 909 855 957 homines
890 909 995 956 tales
1032 910 1082 956 &
1115 909 1237 973 apud
1277 908 1461 971 angelos
1497 922 1606 954 cum
1641 904 1921 954 societatibus
1952 905 2061 951 coeli
2083 905 2281 952 circum-

294 976 428 1031 circa,
466 977 514 1023 &
534 975 732 1023 extensio
754 975 999 1022 secundum
1024 977 1297 1022 incrementa
1319 974 1560 1038 sapientiae,
1596 974 1656 1020 ita
1691 972 1940 1019 secundum
1977 971 2280 1034 pluralitatem

292 1042 611 1102 cognitionum
633 1043 728 1089 veri
748 1057 855 1104 quae
877 1041 1156 1105 implantatae
1178 1041 1279 1089 sunt
1301 1041 1562 1096 intellestui,
1598 1040 1648 1086 δε
1671 1038 1917 1086 secundum
1942 1039 2121 1099 copiam
2145 1036 2281 1084 affec·

291 1107 470 1153 tionum
496 1107 602 1153 boni
625 1123 732 1170 quae
755 1107 1033 1170 implantatae
1056 1107 1158 1155 sunt
1180 1108 1419 1163 voluntati,
1443 1109 1503 1154 ita
1518 1122 1625 1169 quae
1640 1106 1798 1161 menti,
1824 1119 1929 1151 nam
1944 1119 2070 1150 mens
2083 1103 2281 1150 consistit

289 1185 347 1218 ex
367 1171 590 1219 intellestu
613 1174 663 1220 δε
686 1172 944 1220 voluntate:
982 1174 1120 1221 Mens
1144 1175 1339 1221 humana
1362 1175 1413 1222 δε
1434 1172 1633 1236 angelica
1668 1172 1764 1219 talis
1802 1170 1882 1226 est,
1922 1182 1975 1217 ut
2012 1169 2279 1232 locupletari

292 1251 425 1299 queat
441 1239 486 1284 in
504 1251 743 1295 aeternum,
766 1241 815 1287 δι’
838 1241 949 1287 ficut
973 1239 1285 1305 locupletatur,
1312 1242 1372 1287 ita
1389 1240 1652 1303 perficitur·,
1688 1237 1812 1302 quod
1833 1238 1886 1284 fit
1901 1237 2143 1299 imprimis,
2167 1250 2278 1282 cum

290 1301 433 1348 homo
454 1304 636 1351 ducitur
657 1306 924 1371 agomino,
961 1323 1066 1353 nam
1091 1320 1201 1353 tunc
1225 1307 1592 1369 introduciturin
1611 1307 1812 1370 ggngina
1827 1319 1933 1350 vera
1953 1318 2060 1365 quae
2083 1302 2277 1364 implan-
2293 1301 2344 1374 C]
2362 1343 2367 1347 .
2385 1310 2475 1354 zm.

293 1379 442 1414 tantur
463 1365 721 1426 intelleffui,
758 1372 872 1418 &in
899 1374 1093 1433 genuina
1132 1368 1248 1418 bona
1281 1364 1750 1434 ‹fuaeffffiplantant'ur
1773 1369 2012 1423 voluntati,
2048 1384 2154 1414 nam
2178 1369 2278 1414 Do·
2311 1374 2321 1388 ³

294 1435 444 1480 minus
466 1447 575 1481 tunc
598 1435 794 1497 disponit
827 1439 981 1483 omnia
1006 1439 1177 1483 Mentis
1200 1437 1297 1482 talis
1320 1438 1364 1481 in
1389 1434 1582 1482 formam
1606 1437 1746 1490 Coeli,
1783 1436 1920 1496 usque
1943 1435 2123 1480 tandem
2149 1446 2200 1479 ut
2223 1434 2278 1480 sit

289 1500 462 1546 coelum
488 1502 533 1547 in
559 1502 749 1549 minima
771 1500 929 1547 forma.
997 1503 1072 1565 Ex
1106 1502 1185 1548 hac
1214 1502 1547 1564 comparatione
1580 1513 1717 1564 patet,
1754 1501 1859 1562 quia
1895 1499 2049 1545 similis
2091 1513 2159 1544 res
2193 1497 2275 1555 est,

287 1565 415 1626 quod
431 1566 662 1627 pluralitas
683 1566 944 1627 angelorum
963 1569 1164 1627 perficiat
1180 1567 1372 1614 coelum.
1418 1567 1587 1614 Omnis
1608 1567 1742 1612 etiam
1765 1565 1915 1612 forma
1937 1579 1993 1612 ex
2013 1564 2144 1611 variis
2165 1579 2276 1612 con-

284 1627 412 1684 fistit,
446 1629 592 1676 forma
614 1645 720 1692 quae
742 1646 831 1676 non
855 1645 913 1676 ex
934 1633 1065 1676 variis
1089 1630 1302 1686 consistit,
1338 1644 1429 1676 non
1452 1630 1515 1676 est
1538 1629 1702 1686 forma,
1735 1631 1839 1692 quia
1859 1646 1950 1676 non
1975 1630 2106 1677 habet
2126 1630 2274 1692 quale,

282 1708 367 1740 nec
399 1693 565 1757 aliquas
600 1698 869 1742 mutationes
903 1694 1067 1752 status;
1102 1695 1232 1759 quale
1265 1692 1460 1758 cujusvis
1483 1693 1646 1742 formae
1667 1694 1732 1742 est
1751 1711 1806 1742 ex
1829 1696 2107 1742 ordinatione
2127 1698 2276 1742 vario-

281 1774 387 1806 rum
412 1760 518 1807 inibi
543 1763 658 1808 inter
678 1760 736 1818 se,
772 1762 821 1809 ὅτ
843 1777 900 1808 ex
920 1761 1118 1825 resperfiim
1140 1778 1298 1809 eorum
1326 1774 1505 1819 mutuo,
1540 1777 1689 1825 exque
1712 1760 1922 1808 consensu
1941 1761 1995 1808 ad
2014 1777 2177 1817 unum,
2213 1777 2271 1808 ex

279 1841 377 1888 quo
398 1827 548 1874 omnis
570 1824 717 1876 forma
747 1827 1047 1875 consideratur
1081 1842 1132 1876 ut
1166 1844 1344 1884 unum;
1381 1828 1477 1877 talis
1510 1825 1674 1884 forma,
1707 1843 1803 1891 quo
1831 1828 1960 1891 plura
1991 1826 2092 1874 sunt
2128 1827 2271 1875 taliter

280 1890 394 1938 inibi
408 1894 630 1947 ordinata,
663 1910 719 1939 eo
740 1894 978 1955 perieffior
1000 1894 1079 1948 est,
1115 1911 1219 1941 nam
1243 1895 1599 1959 unumquodvis,
1638 1907 1690 1942 ut
1706 1895 1837 1957 supra
1852 1894 2026 1941 dictum
2048 1892 2128 1950 est,
2164 1909 2275 1941 con-

284 1955 454 2013 firmat,
477 1958 752 2015 corroborat,
776 1956 1030 2022 conjungit,
1054 1961 1104 2006 δε
1121 1961 1180 2006 fic
1202 1961 1391 2023 perficit.
1462 1962 1550 2010 Sed
1571 1962 1669 2008 haec
1693 1961 1852 2008 melius
1874 1959 2071 2007 constare
2091 1959 2271 2023 poffunt

280 2035 338 2069 ex
359 2022 446 2071 illis
466 2039 574 2086 quae
595 2025 640 2071 in
663 2025 815 2088 Opere
836 2025 896 2072 de
917 2025 1056 2072 Coelo
1079 2027 1129 2074 δι
1150 2024 1333 2074 Inferno
1350 2026 1516 2076 ostensa
1532 2027 1648 2084 sunt,
1685 2027 1908 2091 imprimis
1931 2025 2009 2074 ubi
2031 2026 2182 2073 actum
2205 2025 2270 2073 est

279 2086 424 2145 deeo,
458 2089 585 2153 quod
608 2091 873 2155 unaquaevis
887 2091 1080 2140 Societas
1102 2093 1210 2140 coeli
1233 2092 1288 2140 fit
1309 2094 1483 2141 coelum
1508 2095 1554 2141 in
1579 2096 1754 2141 minore
1770 2091 1933 2150 forma,
1968 2094 2018 2140 ὅτ
2035 2091 2268 2155 unusquis-

279 2160 371 2215 que
391 2155 599 2219 Angelus
615 2157 668 2206 in
693 2159 900 2214 minima,
935 2174 996 2208 n:
1023 2175 1080 2221 51
1110 2158 1165 2206 ad
1197 2163 1293 2222 53⁰»
1329 2173 1430 2207 turn
1463 2161 1542 2207 ubi
1574 2161 1725 2207 actum
1759 2158 1823 2206 est
1854 2159 1912 2205 de
1938 2159 2102 2206 Forma
2125 2159 2267 2215 Coeli,

281 2217 526 2268 secundum
543 2238 680 2286 quam
699 2223 1045 2272 consociationes
1061 2226 1111 2272 δε
1128 2228 1560 2275 communicationes
1576 2227 1655 2284 ibi,
1692 2242 1750 2274 n:
1779 2240 1874 2274 200
1906 2225 1963 2272 ad
1990 2241 2103 2282 212,
2136 2226 2184 2272 &
2209 2225 2268 2272 de

280 2282 488 2347 sapientia
509 2289 800 2351 Angelorum
824 2289 966 2346 Coeli,
1002 2308 1062 2339 n:
1092 2293 1184 2354 265
1208 2292 1264 2338 ad
1292 2308 1403 2355 275·
1981 2345 1992 2350 ,
2330 2347 2333 2353 ᾗ

349 2367 423 2415 13.
460 2351 589 2414 Qod
608 2370 721 2400 omne
742 2367 844 2414 opus
867 2357 1080 2401 Divinum
1092 2357 1254 2416 spellet
1274 2357 1493 2413 Infinitum
1528 2357 1583 2404 {9²
1601 2358 1848 2412 AEternum,
1883 2356 2080 2403 constare
2112 2355 2261 2418 potest
2336 2360 2337 2363 ’

276 2429 334 2462 ex
363 2416 518 2463 multis
552 2430 645 2464 tam
685 2434 790 2480 quae
823 2420 868 2464 in
893 2419 1029 2465 Coelo
1063 2420 1258 2465 existunt
1286 2435 1424 2482 quarn
1457 2435 1563 2481 quae
1593 2421 1639 2466 in
1673 2421 1878 2474 mundo;
1915 2421 2132 2466 utrobivis
2157 2420 2261 2466 nus-

275 2495 416 2543 quam
437 2481 570 2529 datur
590 2498 734 2530 unum
757 2483 934 2546 prorsus
958 2484 1098 2530 limile
1128 2484 1201 2531 seu
1236 2485 1359 2532 idem
1390 2500 1498 2531 cum
1528 2485 1682 2542 altero,
1719 2501 1811 2532 non
1843 2485 1974 2531 datur
2007 2501 2095 2531 una
2125 2483 2260 2534 facies

275 2545 453 2610 prorsus
477 2546 630 2596 fimilis
662 2548 734 2597 seu
762 2550 918 2597 eadem
951 2565 1060 2598 cum
1082 2550 1275 2607 alterius,
1311 2566 1392 2598 nec
1416 2550 1593 2597 dabitur
1617 2553 1661 2597 in
1685 2563 1903 2597 aeternum
1925 2572 1938 2605 ;
1974 2552 2137 2614 pariter
2161 2566 2256 2598 non

274 2612 406 2659 datur
437 2613 570 2660 unius
603 2616 777 2663 animus
814 2616 992 2680 prorsus
1031 2617 1184 2664 fimilis
1221 2617 1429 2673 alterius3
1464 2632 1599 2679 quare
1620 2629 1736 2679 quot
1760 2617 1982 2673 homines,
2016 2630 2117 2664 tum
2140 2619 2256 2680 quot

273 2677 463 2740 Angeli,
499 2690 568 2727 tot
590 2678 721 2728 facies
742 2682 792 2729 &
814 2695 884 2729 tot
906 2683 1043 2729 animi
1065 2705 1079 2738 ς
1115 2683 1335 2746 nusquam
1358 2684 1489 2730 datur
1509 2685 1555 2729 in
1578 2697 1670 2729 uno
1693 2682 1893 2738 homine,
1917 2683 1963 2729 in
1985 2697 2080 2746 quo
2100 2695 2253 2730 tamen

272 2743 614 2792 innumerabiles
636 2759 779 2809 partes
800 2746 899 2794 sunt
921 2764 1026 2810 quae
1049 2750 1326 2795 constituunt
1347 2765 1528 2811 corpus,
1562 2749 1611 2795 δε
1636 2747 1979 2796 innumerabiles
1999 2748 2254 2798 affectiones

271 2824 379 2871 quae
401 2810 676 2858 constituunt
698 2813 921 2868 animum,
956 2814 1141 2876 aliquod
1178 2814 1355 2876 prorsus
1394 2815 1534 2861 simile
1574 2827 1650 2860 aut
1682 2814 1803 2862 idem
1833 2815 1961 2877 quod
1994 2816 2040 2861 in
2074 2816 2211 2863 altero
2231 2838 2257 2871 3.

270 2875 376 2923 inde
395 2874 475 2933 est,
509 2876 635 2939 quod
660 2877 958 2940 unusquisque
982 2881 1121 2926 vitam
1144 2880 1397 2927 distinfflrn
1433 2881 1489 2926 ab
1521 2879 1698 2926 alterius
1721 2881 1816 2928 vita
1836 2893 1968 2944 agat:
2006 2881 2158 2928 fimilis
2181 2897 2252 2929 res

270 2939 334 2987 est
368 2943 413 2988 in
450 2944 661 2990 omnibus
692 2945 739 2990 &
770 2943 952 3005 singulis
985 2957 1185 2992 naturae:
1221 2945 1346 3007 quod
1370 2946 1465 2991 talis
1489 2945 1662 2993 infinita
1684 2948 1867 2993 varietas
1890 2946 1943 2994 sit
1966 2948 2011 2993 in
2034 2948 2250 2995 omnibus

270 3006 319 3052 δι
344 3006 542 3070 lingulis,
578 3008 705 3055 ducit
734 3009 908 3056 causam
939 3025 994 3056 ex
1015 3011 1225 3057 omnium
1250 3012 1421 3073 origine
1443 3027 1499 3058 ex
1524 3012 1718 3068 Divino,
1746 3013 1872 3075 quod
1895 3013 2131 3061 Infinitum
2153 3013 2216 3061 est
2232 3037 2248 3069 ;

270 3071 374 3119 inde
394 3073 458 3121 est
487 3074 698 3138 quaedam
722 3074 876 3135 imago
895 3075 1064 3122 Infiniti
1087 3077 1254 3133 ubivis,
1286 3078 1348 3124 ob
1382 3077 1522 3124 finem
1562 3090 1613 3124 ut
1647 3081 1799 3126 omnia
1831 3079 2079 3141 speCientur
2115 3095 2139 3125 a
2164 3081 2249 3125 Di-

272 3139 381 3184 vino
416 3151 468 3189 ut
499 3141 631 3190 suum
666 3155 800 3206 opuS,
833 3143 883 3190 δε
926 3141 1058 3206 simul
1097 3155 1149 3191 ut
1185 3143 1338 3258 on113nia
1377 3142 1573 3207 spectent
1606 3145 1835 3204 >Divinum
1877 3158 1928 3195 ut
1968 3144 2082 3208 Ejus
2120 3160 2251 3232 opus.

2009 3218 2262 3268 Quouiooo
