2502 3432
276 194 323 250 4
526 171 636 233 ΒΕ
686 166 1284 235 TELLURIBUS
1342 169 1417 237 fn
1471 167 1988 241 UNIVERS'O.

277 294 438 338 teriora
474 291 732 352 aperiuntur
771 307 796 337 a
829 291 1053 348 Domino,
1105 308 1212 342 cum
1253 291 1354 349 illis,
1408 292 1520 340 ficut
1555 294 1696 342 homo
1734 309 1841 341 cum
1878 295 2076 351 homine,
2120 295 2249 361 loqui

279 356 423 420 potest
438 358 510 414 (e)
531 374 542 402 ε
579 357 661 403 boc
689 357 799 403 mihi
820 358 1076 405 concessum
1099 358 1162 404 est
1186 373 1304 405 nunc
1326 373 1405 420 per
1428 359 1671 406 duodecim
1692 375 1830 407 annos
1851 362 2066 422 quotidie.

342 438 387 472 2.
423 422 567 482 Qod
607 423 755 484 plures
779 421 985 470 Tellures
1025 423 1125 479 finnt,
1163 424 1213 470 δε
1237 422 1366 486 super
1401 423 1486 470 illis
1517 425 1736 480 homineS,
1777 427 1828 472 δε
1859 426 1962 472 inde
1985 426 2160 488 spiritus
2195 426 2252 477 ἃς

276 487 440 549 angeli,
482 487 759 534 notiffimum
780 486 844 533 est
878 489 923 534 in
958 489 1090 535 altera
1112 490 1222 545 vita,
1257 504 1360 535 nam
1385 490 1529 536 cuivis
1564 489 1642 546 ibi,
1678 491 1758 552 qui
1791 507 1847 537 ex
1885 507 2035 538 amore
2070 494 2162 539 veri
2200 489 2251 541 &

267 553 379 598 'inde
418 553 518 599 usus
550 552 780 610 defiderat,
816 567 922 598 cum
958 552 1182 616 spiritibus
1216 553 1401 600 aliarum
1425 554 1667 602 Tellurum
1707 555 1833 618 loqui
1873 557 2151 613 conceditur,
2199 560 2251 606 δε

274 617 378 669 iude
401 618 657 664 confirmari
681 618 738 664 de
761 618 1011 681 pluralitate
1034 619 1334 673 mundorum,
1374 634 1425 665 ac
1452 617 1700 675 informari,
1734 621 1860 683 quod
1886 621 2042 668 Genus
2066 624 2251 670 Huma-

275 698 387 729 num
412 699 501 729 non
526 682 669 730 solum
694 699 750 730 ex
776 698 862 729 una
883 683 1068 730 Tellure
1089 683 1158 740 fit,
1195 682 1276 745 sed?
1299 699 1355 729 ex
1379 683 1624 731 innumeris
1639 706 1655 740 ς
1695 683 1744 732 &
1769 684 1944 749 insuper
1966 688 2088 750 quali
2111 690 2248 750 genio

275 748 324 794 δε
351 750 440 794 vita
462 748 593 803 sunt3
633 748 682 794 &
716 748 860 809 qualis
893 747 1043 794 cultus
1068 763 1225 805 eorum
1247 748 1459 794 Divinus.

342 831 384 874 3.
420 814 667 875 Loquutus
699 812 798 858 sum
821 827 929 859 cum
965 811 1126 859 nostrae
1152 812 1348 859 Telluris
1373 811 1611 875 Spiritibus
1640 812 1873 875 aliquoties
1911 816 1968 863 de
2003 833 2053 865 ea
2091 834 2161 876 re,
2196 819 2248 866 ὅτ

273 878 447 924 dicium
470 878 593 940 quod
619 877 775 932 homo,
851 878 895 925 ui
931 877 1155 924 intellectu
1180 877 1335 940 pollet,
1374 876 1480 926 scire
1518 880 1650 941 possit
1683 894 1739 925 ex
1768 879 1924 927 multis
1957 898 2064 943 quae
2103 885 2255 940 novit,

272 943 396 1004 quod
421 943 570 1006 plures
593 944 798 990 Tellures
838 955 920 998 int,
959 945 1007 990 ὅτ
1030 944 1091 991 ibi
1130 943 1366 998 homines;
1408 959 1512 990 nam
1551 959 1606 990 ex
1639 945 1805 991 ratione
1841 947 2051 994 concludi
2083 948 2253 1010 potest,

271 1008 395 1069 quod
421 1022 557 1055 tantae
583 1009 751 1064 Moles,
795 1010 945 1071 quales
971 1008 1069 1055 sunt
1095 1009 1308 1064 Planetae,
1350 1024 1541 1070 quarum
1576 1009 1738 1071 aliquae
1777 1012 2088 1072 magnitudine
2117 1028 2248 1060 exce-

271 1075 388 1120 dunt
423 1075 532 1121 hanc
552 1074 803 1129 Tellurem,
840 1090 931 1120 non
956 1074 1039 1120 fint
1062 1074 1203 1121 moles
1226 1089 1398 1129 vacuae,
1433 1074 1482 1119 &
1506 1086 1663 1120 creatae
1697 1086 1750 1121 ut
1780 1076 1921 1122 modo
1956 1077 2151 1124 ferantur
2194 1094 2247 1125 ac

271 1136 514 1201 spatientur
536 1141 707 1187 circum
731 1139 898 1195 Solem,
939 1140 1188 1186 &luceant
1211 1154 1355 1202 pauco
1388 1138 1466 1184 suo
1501 1139 1670 1185 lumine
1704 1154 1788 1201 pro
1821 1154 1909 1186 una
1930 1142 2130 1198 Tellure,
2171 1143 2252 1190 secl

205 1224 210 1242 ÷
271 1204 396 1266 quod
436 1206 616 1252 illarum
658 1204 759 1251 usus
795 1205 1024 1267 insignior,
1064 1220 1202 1267 quam
1243 1206 1359 1261 talis,
1398 1216 1600 1266 oporteat
1638 1204 1734 1251 effe.
1806 1205 1901 1262 Qui
1939 1207 2097 1263 credit,
2137 1207 2251 1254 ficut

204 1278 206 1280 ’
270 1269 458 1333 quisque
481 1271 657 1317 credere
682 1270 829 1326 debet,
866 1271 991 1332 quod
1014 1270 1240 1316 Divinum
1275 1285 1365 1315 non
1389 1270 1599 1315 creaverit
1622 1267 1878 1316 universum
1903 1284 2086 1334 propter
2107 1272 2250 1319 alium

270 1335 427 1390 finem,
461 1352 597 1398 quam
639 1347 689 1382 ut
732 1336 1004 1381 Humanum
1044 1335 1199 1380 Genus
1237 1333 1414 1388 existat,
1454 1334 1503 1379 &
1545 1332 1650 1378 inde
1686 1333 1907 1388 Coelum;
1952 1351 2057 1382 nam
2092 1337 2250 1397 Gefflsss

261 1396 549 1456 ‚Humanum
579 1399 1148 1461 efflemiqariu,m,.29oehs
1194 1399 1231 1444 is
1269 1412 1360 1445 non
1401 1397 1547 1459 potest
1585 1413 1676 1443 non
1712 1398 1906 1456 credere,
1946 1415 2082 1462 quarn
2121 1400 2247 1465 quod

176 1519 179 1522 Α
270 1460 473 1512 Bomrnes
514 1465 615 1521 fint,
657 1456 917 1527 uffle‘u‘nque
955 1463 1099 1526 aliqua
1122 1462 1296 1510 Tellus.
1367 1462 1762 1527 Qolelanetae,
1801 1465 1883 1527 qui
1920 1481 2072 1513 coram
2104 1467 2255 1515 oculis

175 1543 177 1553 ¹
269 1529 426 1576 nostris
450 1531 640 1578 vifibiles
665 1530 781 1587 sunt,
822 1531 930 1593 quia
965 1531 1076 1576 intra
1114 1529 1329 1576 terminos
1354 1528 1526 1574 Mundi
1565 1526 1698 1590 hujus
1721 1528 1854 1586 Solis,
1901 1531 2105 1579 Tellures
2144 1532 2248 1588 fint,

271 1594 498 1642 manifeste
522 1597 618 1642 sciri
641 1595 787 1659 potest
821 1611 876 1641 ex
899 1611 970 1650 eo,
1010 1594 1137 1656 quod
1160 1608 1349 1654 corpora
1382 1591 1593 1638 terrestris
1630 1594 1829 1640 materiae
1862 1595 1964 1650 fint,
2004 1598 2108 1657 quia
2131 1597 2247 1644 Solis

270 1660 420 1706 lumen
447 1661 694 1715 reflectunt,
732 1662 781 1707 ὅτ
804 1659 985 1722 inspecti
1019 1674 1097 1720 per
1118 1659 1233 1703 vitra
1264 1657 1414 1719 optica
1448 1668 1659 1718 apparent
1682 1671 1773 1703 non
1803 1657 1915 1704 ficut
1954 1658 2090 1706 stellae
2124 1662 2246 1709 rutili

266 1742 291 1771 e
323 1726 522 1781 flamma,
566 1725 637 1772 sed
663 1719 775 1772 ficut
799 1737 929 1770 terrae
961 1739 1018 1769 ex
1040 1721 1234 1769 obscuris
1254 1722 1468 1782 variegati
1489 1739 1499 1767 :
1539 1734 1639 1767 tum
1663 1737 1722 1767 ex
1746 1737 1816 1778 eo,
1852 1723 1978 1786 quod
2002 1724 2082 1781 illi,
2124 1725 2246 1773 frmi·

268 1791 366 1839 liter
397 1806 446 1837 ac
471 1790 615 1837 nostra
642 1790 815 1845 Tellus,
851 1790 1022 1835 circum
1064 1788 1215 1834 Solem
1252 1784 1448 1833 ferantur
1481 1786 1531 1832 &
1570 1786 1914 1848 progrediantur
1938 1790 2012 1835 via
2035 1791 2249 1848 Zodiaci,

267 1872 317 1902 ac
354 1857 458 1902 inde
482 1855 645 1902 faciant
682 1871 820 1901 annos
853 1855 902 1901 &
937 1854 1040 1900 anni
1075 1865 1295 1915 tempora,
1341 1867 1448 1914 quae
1479 1852 1578 1897 sunt
1607 1852 1710 1906 Ver,
1748 1852 1915 1910 AEstaS,
1953 1856 2244 1912 Autumnus,

265 1923 316 1967 &
351 1922 561 1983 Hyems:
604 1920 801 1967 similiter
849 1919 976 1982 quod
1016 1920 1187 1965 circum
1229 1933 1355 1964 axem
1396 1916 1543 1972 suum,
1580 1916 1779 1964 fimiliter
1813 1934 1864 1965 ac
1899 1918 2045 1966 nostra
2067 1921 2244 1978 Tellus,

268 2000 489 2042 rotentur,
525 2003 575 2033 ac
615 1987 718 2032 inde
759 1985 920 2032 faciant
958 1985 1054 2031 dies
1088 1985 1137 2030 &
1173 1983 1261 2029 diei
1306 1994 1527 2044 tempora,
1574 1998 1736 2043 nempe
1773 1983 1930 2039 Mane,
1977 1986 2246 2042 Meridiem,

267 2048 506 2115 Vesperam
531 2055 581 2100 &
605 2051 841 2098 Noctem:
879 2066 929 2097 ac
968 2049 1159 2112 insuper,
1201 2048 1327 2111 quod
1367 2047 1503 2109 aliqui
1525 2061 1684 2093 eorum
1718 2046 1904 2094 habeant
1925 2049 2096 2104 Lunas,
2136 2067 2244 2112 quae

265 2130 487 2164 vocantur
510 2117 740 2172 SatelliteS,
786 2118 834 2164 &
859 2118 1032 2162 circum
1054 2115 1210 2162 orbem
1245 2113 1373 2159 suurn
1399 2111 1519 2159 statis
1551 2112 1830 2174 temporibus
1861 2126 2095 2175 vagantur,
2131 2115 2244 2162 ficut

195 2228 197 2232 ,
268 2175 418 2229 Luna
445 2184 616 2229 circum
644 2181 878 2236 nostrum;
920 2183 969 2229 &
1005 2181 1131 2243 quod
1166 2179 1350 2226 Planeta
1372 2178 1603 2233 SaturnuS,
1655 2179 1759 2239 quia
1803 2177 2055 2241 longiffime
2091 2195 2117 2225 a
2140 2180 2245 2227 Sole

267 2247 418 2303 distat,
459 2249 613 2296 habeat
635 2263 818 2310 quoque
841 2245 1095 2308 Cingulum
1123 2259 1341 2307 magnum
1378 2241 1670 2298 luminosum,
1709 2243 1835 2304 quod
1860 2243 2050 2291 multam
2076 2245 2242 2301 lucem,

206 2363 209 2366 Δ
267 2312 440 2359 tametsi
465 2315 688 2368 reflexam,
727 2313 903 2366 Telluri
924 2312 998 2358 isti·
1014 2311 1104 2357 dat.
1174 2310 1294 2367 Quis
1316 2307 1523 2370 usquam,
1562 2308 1643 2370 qui
1675 2307 1773 2354 haec
1814 2309 1959 2366 novit,
1993 2310 2042 2357 &
2078 2326 2136 2358 ex
2174 2327 2234 2357 ra-

264 2380 386 2425 tione
409 2379 597 2441 cogitat,
635 2378 782 2424 dicere
805 2375 966 2439 potest,
1003 2376 1130 2437 quod
1151 2374 1250 2420 haec
1272 2374 1417 2419 inania
1450 2385 1637 2434 corpora
1666 2372 1766 2418 fint.

332 2462 376 2502 4.
414 2443 598 2506 Insuper
613 2458 721 2489 cum
745 2440 970 2504 spiritibus
993 2439 1207 2503 loquutus
1231 2437 1348 2493 sum,
1371 2437 1495 2501 quod
1518 2437 1574 2483 ab
1596 2436 1779 2484 homine
1803 2438 1924 2485 credi
1947 2449 2096 2501 queat,
2120 2441 2246 2502 quod

267 2511 312 2555 in
339 2511 544 2556 universo
576 2509 660 2555 fint
686 2506 1069 2570 Telluresplures
1105 2520 1242 2568 quam
1267 2520 1370 2560 una,
1405 2518 1458 2549 ex
1490 2518 1561 2558 eo,
1609 2502 1733 2564 quod
1758 2503 1951 2562 Coelum
1970 2503 2241 2552 Asttiferum

268 2588 361 2621 tam
388 2573 659 2621 immensum
685 2573 764 2629 fit,
797 2589 847 2620 ac
869 2584 938 2619 tot
961 2568 1302 2618 innumerabiles
1326 2569 1387 2615 ibi
1408 2566 1561 2623 stellae,
1597 2583 1788 2630 quarum
1812 2572 2072 2632 unaquaevis
2096 2572 2140 2617 in
2165 2570 2241 2618 suo

267 2640 370 2687 loco
397 2640 469 2687 seu
512 2641 557 2686 in
583 2640 661 2686 suo
686 2639 863 2686 mundo
894 2636 956 2684 est
980 2638 1075 2692 Sol,
1115 2651 1165 2682 ac
1205 2634 1338 2681 instar
1360 2633 1500 2681 nostri·
1518 2632 1651 2689 Solis,
1689 2635 1734 2678 in
1757 2636 1879 2681 varia
1903 2636 2242 2698 magnitudine:

266 2707 345 2765 qui
370 2707 451 2752 rite
473 2705 704 2769 expendit,
746 2705 789 2750 is
806 2703 1056 2759 concludit,
1093 2701 1218 2764 quod
1242 2712 1393 2747 toturn
1418 2698 1530 2745 illud
1563 2711 1657 2744 tam
1687 2698 1959 2746 immensum
1997 2717 2086 2748 non
2109 2701 2240 2763 poflit

267 2785 365 2815 non
380 2771 462 2818 effe
484 2787 621 2833 quam
647 2769 848 2816 medium
874 2768 930 2815 ad
955 2768 1111 2823 finem,
1148 2767 1228 2829 qui
1267 2766 1454 2812 ultimus
1493 2765 1739 2825 creationis,
1771 2766 1851 2827 qui
1891 2766 1992 2813 finis
2027 2766 2091 2813 est
2112 2767 2238 2826 Reg-

268 2848 379 2879 num
415 2836 612 2893 coeleste,
651 2837 706 2882 in.
734 2850 830 2896 quo
866 2835 1088 2882 Divinum
1122 2846 1232 2879 cum
1266 2831 1435 2893 angelis
1471 2829 1520 2877 &
1544 2828 1800 2877 hominibus
1838 2830 2031 2878 habitare
2061 2829 2235 2902 potest:

2064 2909 2242 2940 univer-

325 3019 387 3073 (e)
419 3017 543 3070 Qod
579 3019 701 3058 homo
735 3019 851 3074 loqui·
871 3021 991 3072 poffit
1017 3033 1112 3060 curn
1140 3017 1335 3072 spiritibus
1365 3017 1404 3058 δί
1434 3016 1598 3071 angelis,
1634 3015 1678 3056 δι,
1705 3015 1811 3070 quod
1851 3013 2000 3066 antiqui
2036 3013 2075 3052 in
2109 3014 2238 3055 nostra

265 3074 434 3116 Tellun
460 3075 687 3126 frequenter
723 3077 921 3116 cumillis
950 3077 1110 3129 loquuti
1140 3074 1232 3122 sint,
1271 3074 1412 3127 n:67.
1448 3075 1517 3114 68.
1551 3073 1619 3128 69.
1656 3072 1755 3127 784.
1795 3072 1914 3125 1634.
1951 3070 2072 3122 1636.
2110 3072 2238 3125 7802..

262 3132 338 3173 Sed
357 3131 464 3186 quod
484 3130 602 3172 hodie
621 3129 952 3182 periculosum-fit
977 3132 1087 3185 loqui
1119 3144 1215 3174 cum
1235 3128 1328 3179 illis,
1363 3127 1437 3171 nisi
1465 3129 1590 3189 homo
1620 3129 1663 3170 in
1685 3140 1776 3170 vera
1802 3123 1971 3177 fidesrt,
2005 3128 2043 3167 δε
2070 3127 2238 3170 ducatur

257 3202 283 3230 a
303 3189 504 3241 Domino,
535 3201 564 3231 n
581 3199 590 3229 :
610 3187 707 3243 784.
729 3185 858 3244 9438.
899 3199 1054 3242 10751·.
