2632 3516
50 2408 75 2713 ‚KV-„mm-„m-
61 2298 72 2398 ..mma

149 243 233 302 ις
415 222 1776 291 ὀοΝΤῙΝυΛΤῐο

150 363 275 405 natus
305 349 358 398 fit
388 363 414 398 a
443 360 569 413 patre
594 347 800 408 homine;
831 347 884 399 ἅ
918 363 1022 399 cum
1052 349 1259 411 audiunt,
1294 353 1414 416 quod
1433 367 1672 419 conceptus
1691 358 1743 408 fit
1770 375 1797 409 a
1820 361 1925 410 Deo
1945 362 2132 413 universi

152 419 202 468 ἀ
222 429 350 465 natus
370 430 396 463 a
419 414 617 479 virgine,
653 413 807 462 dicunt
839 416 958 478 quod
990 415 1052 464 fic
1072 415 1159 479 Ipsi
1182 416 1350 466 Divina
1371 417 1571 468 Effentia
1595 420 1672 479 fit,
1708 439 1808 484 quae
1829 427 1928 487 quia
1948 427 2129 477 Infinita

151 480 313 544 &ipsa
332 480 447 529 Vita
465 480 531 527 est
546 513 566 539 ,
591 492 690 526 ¹non
723 479 819 527 talis
851 480 989 528 homo
1012 480 1143 529 fuerit
1168 479 1280 530 ficut
1301 483 1403 542 alii3
1434 482 1727 535 informantur
1749 488 1902 550 postea
1921 493 1978 540 ab
1997 507 2130 555 ange·

153 548 231 604 lis,
265 545 387 609 quod
416 544 554 593 homo
581 543 718 592 fuerit
749 543 795 591 in
830 543 1068 608 conspeEtu
1096 544 1205 593 sicut
1232 546 1364 605 alius,
1400 548 1475 596 [εά
1499 550 1618 612 quod
1646 566 1750 600 cum
1769 553 1815 600 in
1834 555 1999 604 mundo
2020 557 2154 616 fuit,

147 609 350 661 Effentia
373 609 508 673 Ipsius
528 608 723 666 Divina,
748 624 858 671 -quae
886 610 945 658 in*
965 610 1010 658 se
1045 609 1221 658 Infinita
1249 610 1298 659 ἃ
1320 611 1414 675 ipsa
1435 614 1546 661 Vita
1571 614 1664 673 est,
1700 616 1908 679 rejecerit
1929 632 2131 668 naturam

152 675 330 724 finitam
362 673 413 724 δι
439 675 569 737 hujus
602 673 744 722 vitam
773 689 800 722 a
828 687 997 735 matre,
1029 672 1078 723 ἃ
1100 674 1160 722 sic
1181 676 1443 725 Humanum
1467 676 1653 727 suumin
1673 681 1842 730 mundo
1865 674 2148 747 conceptum‘

153 739 378 790 &natum
391 776 415 800 ,l
429 739 648 788 Divinum
672 737 845 787 fecerit.
880 741 999 788 Haec
1020 739 1222 788 Africani
1239 776 1272 799 ,.
1288 742 1391 804 quia
1413 742 1595 792 interius
1627 744 1905 807 spiritualiter
1926 764 2017 812 prae
2035 751 2134 798 reli-

157 805 258 870 quis
283 806 510 868 cogitant,
545 803 979 864 comprehenderunt
995 804 1045 853 &
1066 818 1342 866 receperunt.

221 874 299 932 76.
335 869 563 936 Quoniam
598 868 801 916 Africani
827 870 935 917 tales
965 869 1060 917 sunt
1093 870 1230 918 etiam
1261 870 1306 918 in
1339 871 1535 929 mundo,
1571 872 1676 921 ideo
1707 874 1825 935 apud
1868 876 1962 924 illos
1993 877 2132 925 ‘hodie

157 935 400 984 Revelatio
426 934 511 992 fit,
549 947 647 997 quae
679 934 856 995 incepta
884 934 1008 982 vadit
1027 949 1052 981 a
1075 934 1226 981 medio
1261 934 1457 996 circum,
1492 937 1566 984 sed
1593 953 1682 985 non
1708 939 1841 1001 usque
1873 941 1929 988 ad
1952 942 2101 990 Maria
2118 976 2133 998 ,

159 999 403 1063 agnoscunt
426 1000 490 1047 illi
515 998 762 1051 Dominum
787 997 982 1046 nostrum
1002 1014 1084 1060 pro
1103 998 1304 1048 Domino
1326 1001 1432 1050 Caeli
1453 1000 1501 1055 <St
1522 1003 1711 1062 Terrae,
1746 1004 1793 1051 δι
1813 1005 1957 1053 rident
1980 1012 2136 1054 mona·

156 1069 290 1124 elios,
324 1065 398 1112 ubi
427 1064 671 1119 adeuntur,
705 1063 755 1110 <St
779 1063 1048 1112 Christianos
1080 1065 1308 1127 loquentes
1339 1065 1396 1112 de
1430 1066 1652 1127 triplicata
1683 1067 1960 1128 Divinitate,
1997 1070 2046 1118 ἃ
2078 1071 2137 1118 de

160 1129 404 1178 salvatione
422 1144 502 1191 per
524 1127 661 1176 solum
684 1127 908 1192 cogitare,
932 1129 1131 1177 dicentes
1151 1129 1267 1191 quod
1290 1131 1425 1178 nullus
1447 1130 1586 1178 homo
1607 1130 1657 1177 fit
1671 1167 1683 1188 ,
1704 1135 1774 1180 cui
1795 1135 1945 1196 aliquis
1965 1136 2103 1183 cultus
2120 1171 2134 1193 ,

161 1195 236 1258 qui
267 1209 357 1242 non
388 1195 502 1242 vivit
531 1192 771 1242 secundum
798 1194 1062 1257 religionem
1092 1194 1213 1241 suam
1234 1229 1248 1252 ,
1283 1194 1333 1242 δι
1367 1194 1399 1241 fi
1430 1210 1551 1253 non,
1585 1196 1705 1257 quod
1736 1213 1823 1244 non
1859 1199 1985 1258 poflit
2009 1200 2137 1247 aliter

118 1321 133 1334 .
161 1274 298 1321 quam
331 1258 429 1307 fieri
462 1257 660 1321 stupidus
689 1257 739 1306 δι
770 1259 935 1315 malus,
967 1260 1069 1322 quia
1100 1271 1206 1306 tunc
1225 1273 1313 1305 non
1331 1259 1493 1321 recipit
1515 1259 1676 1321 aliquid
1701 1276 1726 1306 e
1749 1263 1887 1309 caelo:
1922 1263 2137 1311 malitiam

165 1323 440 1387 ingeniosam
468 1334 635 1371 vocant
660 1323 797 1371 etiam
817 1322 1143 1386 stupiditatem,
1179 1322 1282 1386 quia
1303 1338 1394 1372 non
1413 1325 1507 1373 vita
1530 1323 1605 1379 sed,
1626 1339 1743 1372 mors
1768 1325 1831 1373 est
1853 1327 1897 1374 in
1915 1327 2001 1374 illa.
2044 1327 2139 1374 Au-

159 1389 256 1437 divi
276 1390 550 1451 Angelorum
579 1387 791 1450 gaudium
818 1387 945 1450 super
967 1389 1039 1436 illa
1059 1388 1388 1449 Revelatione,
1423 1388 1541 1452 quod
1571 1402 1651 1450 per
1679 1404 1780 1438 eam
1813 1391 2031 1452 aperiatur
2060 1391 2141 1440 illis

163 1453 515 1502 communicatio
535 1467 638 1500 cum
660 1452 877 1500 Humano
893 1453 1097 1501 rationali
1115 1451 1326 1501 hafi‘tenus
1347 1468 1426 1515 per
1444 1468 1615 1511 caecum
1635 1455 1768 1502 rebus
1790 1454 1896 1503 fidei
1914 1454 2142 1505 industum

161 1518 357 1569 occlus0.
423 1516 610 1566 Distum
633 1517 752 1566 mihi
772 1532 799 1566 e
817 1518 938 1566 Caelo
960 1516 1051 1575 est,
1086 1518 1206 1580 quod
1234 1517 1390 1567 incolis
1413 1517 1604 1566 Telluris
1630 1516 1750 1566 istius
1771 1535 1850 1581 per
1878 1520 2046 1582 spiritus
2067 1536 2141 1569 an-

162 1584 332 1647 gelicos
362 1595 570 1632 oretenus
595 1581 816 1631 distentor
849 1583 922 1630 illa
948 1598 1058 1646 quae,
1084 1583 1128 1630 in
1163 1581 1382 1631 Doarina
1409 1583 1564 1631 Novae
1596 1583 1919 1646 Hierosolymae
1959 1585 2016 1631 de
2038 1587 2138 1633 Do-

164 1649 318 1708 mino,
337 1648 396 1696 de
415 1649 600 1707 Verbo',
625 1646 673 1696 δι
694 1649 739 1695 in
769 1646 986 1696 Dostrina
1007 1648 1111 1696 vitae
1132 1662 1213 1710 pro
1235 1649 1376 1701 Nova
1395 1647 1731 1708 Hierosolyma,
1755 1663 1871 1697 nunc
1890 1648 2009 1696 edita
2033 1649 2145 1698 sunt.

188 1735 191 1737 >
229 1729 308 1776 77.
342 1715 457 1762 Cum
491 1715 693 1777 loquutus
730 1711 823 1760 sum
861 1728 965 1761 cum
1005 1711 1230 1761 Africanis
1276 1711 1322 1759 in
1357 1710 1541 1758 Mundo
1582 1710 1815 1772 spirituali,
1849 1726 2144 1775 apparuerunt

94 1811 97 1813 >
175 1779 221 1827 in
243 1777 434 1827 vestibus
455 1777 614 1826 striatis
642 1791 698 1825 ex
721 1777 838 1834 lino,
870 1777 1081 1825 dicebant
1099 1775 1216 1838 quod
1248 1778 1354 1822 tales
1377 1773 1521 1822 vestes
1551 1775 1632 1822 illis
1660 1777 2057 1839 correspondeant,
2095 1777 2147 1827 &

167 1843 287 1908 quod
313 1843 578 1891 mulieribus
597 1842 770 1889 illorum
787 1838 936 1889 vestes
955 1841 1116 1897 striatae
1133 1852 1190 1887 ex
1218 1837 1370 1887 serico.
1436 1840 1491 1887 N
1492 1840 1697 1888 arrabant
1715 1841 1772 1888 de
1793 1841 2033 1891 infantibus
2054 1843 2146 1892 illo·

169 1924 266 1956 rum
281 1945 296 1967 ,
328 1907 448 1969 quod
467 1905 723 1968 frequenter
741 1904 1143 1953 abeducatricibus
1164 1915 1359 1966 quaerant
1380 1903 1529 1952 cibum
1542 1940 1556 1963 ,
1585 1903 1791 1953 dicentes
1819 1905 1862 1953 se
1881 1907 2064 1966 esurire,
2098 1907 2148 1956 &

171 1968 982 2035 cum'apponunturtibi,finspeetant
1005 1967 1054 2015 &
1074 1966 1250 2031 gustant
1276 1982 1386 2015 num
1406 1968 1708 2026 concordent,
1732 1967 1780 2017 ἃ
1804 1984 1959 2031 parum
1984 1971 2148 2029 edunt,

172 2053 230 2087 ex
249 2037 406 2100 quibus
441 2046 606 2098 patet,
629 2032 747 2095 quod
783 2033 960 2081 esuritio
985 2031 1236 2095 spiritualia,
1271 2047 1369 2094 quae
1391 2030 1455 2079 est
1479 2031 1742 2080 desiderium
1770 2033 1934 2082 sciendi
1957 2036 2150 2097 genuina

175 2117 311 2162 vera,
345 2099 433 2147 hoc
454 2109 686 2160 operetur,
718 2094 782 2143 est
800 2097 919 2144 enim
941 2095 1343 2158 correspondentia.
1379 2098 1493 2143 Cum
1515 2097 1668 2143 volunt
1687 2097 1818 2154 scire,
1853 2099 1898 2145 in
1923 2113 2011 2160 quo
2034 2097 2149 2148 statu

173 2165 323 2229 quoad
350 2162 638 2213 affefflonem
664 2159 715 2209 ἃ
743 2161 1079 2223 perceptionem
1114 2160 1209 2208 veri
1237 2159 1359 2218 stunt,
1394 2159 1628 2207 extrahunt
1649 2160 1793 2219 enses,
1822 2161 1896 2224 qui
1919 2161 1949 2209 si
1977 2164 2147 2224 nitent,

176 2232 314 2281 sciunt
336 2227 458 2293 quod
491 2227 537 2275 in
560 2225 763 2289 genuinis
786 2227 902 2274 veris
925 2223 1031 2282 fint,
1068 2223 1117 2272 ἃ
1142 2225 1234 2272 hoc
1267 2224 1505 2272 secundum
1530 2224 1719 2273 nitorem
1741 2226 1859 2288 ejus3
1891 2224 1955 2273 est
1975 2243 2149 2291 quoque

175 2298 352 2352 hot-,zex
386 2289 786 2354 correspondentia.
857 2291 933 2338 De
955 2277 1178 2352 Cssnjugio
1209 2288 1449 2346 dixerunt,
1483 2290 1602 2351 quod
1634 2290 1713 2339 illis
1737 2289 1915 2352 quidem
1944 2291 2074 2340 liceat
2093 2309 2150 2342 ex

176 2354 303 2424 Lege
314 2359 386 2407 sua
397 2360 541 2419 plures
559 2370 716 2403 uxores
731 2354 895 2403 ducere
914 2391 925 2410 ‚
941 2353 1013 2401 sed
1028 2355 1146 2416 quod
1164 2353 1294 2415 usque
1308 2353 1470 2400 ducant
1486 2368 1645 2412 unam,
1660 2355 1761 2418 quia
1775 2370 1900 2402 amor
1913 2370 2019 2403 vere
2038 2372 2144 2405 con·
2189 2384 2192 2385 ν

175 2426 350 2491 jugialis
372 2436 462 2471 non
483 2419 547 2469 est
571 2421 801 2477 dividuus,
839 2419 870 2467 si
891 2418 1101 2468 dividitur
1120 2454 1132 2475 ‚
1169 2418 1284 2481 perit
1303 2416 1482 2465 essentia
1503 2417 1620 2480 ejus,
1656 2435 1753 2481 quae
1774 2418 1839 2468 est
1859 2419 2063 2479 caelestis,
2097 2421 2148 2469 &

178 2491 234 2540 fit
261 2502 465 2539 externus
485 2485 535 2535 &
558 2485 662 2533 inde
690 2484 903 2543 lascivus,
937 2483 1011 2545 qui
1032 2484 1158 2530 brevi
1185 2482 1422 2530 secundum
1452 2481 1789 2532 diminutionem
1812 2486 2021 2544 potentiae
2040 2489 2146 2534 vile-

175 2556 284 2616 scit,
319 2552 371 2603 &
395 2553 576 2600 demum
598 2565 702 2598 cum
724 2547 894 2613 jafilaura
914 2549 1007 2612 ejus
1027 2546 1277 2605 fastiditum
1311 2562 1438 2594 amor
1456 2559 1603 2594 autem
1631 2563 1737 2596 vere
1757 2547 2037 2610 conjugialis‚
2069 2551 2145 2614 qui

179 2620 246 2670 est
269 2621 489 2675 internus,
526 2614 576 2664 ἃ
598 2615 702 2664 nihil
725 2614 857 2662 trahit
890 2629 947 2662 ex
970 2612 1176 2672 lascivia,
1210 2623 1360 2661 manet
1388 2613 1433 2660 in
1454 2626 1690 2673 aeternum,
1724 2628 1780 2661 ac
1805 2613 1962 2660 crescit
1986 2628 2146 2677 poten-

180 2687 242 2736 tia
262 2723 275 2745 ,
311 2683 361 2732 δι
384 2683 431 2731 in
461 2680 587 2730 simili
612 2679 753 2744 gradu
776 2678 943 2728 delitio.
1882 2713 1886 2716 -

245 2755 323 2808 78.
356 2749 434 2797 De
461 2745 647 2794 advenis
685 2761 742 2793 ex
775 2745 956 2806 Europa
985 2742 1214 2799 dixerunt,
1243 2741 1367 2806 quod
1396 2757 1484 2791 non
1516 2743 1801 2792 admittantur
1823 2779 1836 2803 ‚
1870 2741 1919 2791 ἃ
1947 2759 2048 2791 curn
2073 2745 2147 2792 ali·

183 2816 286 2878 qui,
321 2811 538 2875 imprimis
557 2808 792 2864 monachi,
826 2820 1085 2871 penetrant,
1119 2808 1340 2869 inquirunt
1360 2808 1463 2870 quid
1485 2807 1645 2866 sciunt,
1682 2808 1730 2855 ἃ
1754 2825 1855 2857 cum
1876 2822 2052 2856 narrant
2071 2810 2143 2856 ali-

181 2894 267 2940 qua
290 2878 347 2925 de
373 2875 604 2938 religioso,
640 2886 805 2924 vocant
837 2874 910 2922 iua
948 2888 1086 2937 nugas
1115 2887 1211 2935 quae
1234 2871 1394 2919 laedunt
1426 2872 1538 2933 ipsas
1562 2888 1715 2930 aures,
1745 2874 1794 2921 ἃ
1816 2885 1918 2920 tunc
1941 2874 2146 2936 ablegant

182 2943 278 2992 illos
298 2941 356 2989 ad
385 2955 541 3002 operas
571 2951 620 2987 ut
654 2939 816 3002 aliquid
848 2939 953 2986 utile
977 2937 1169 2994 faciant,
1202 2936 1252 2984 ὅ(
1276 2935 1307 2983 fi
1327 2949 1515 2985 renuunt
1545 2936 1721 2995 facere,
1758 2937 1956 2984 vendunt
1978 2937 2070 2985 illos
2099 2939 2143 2984 in

183 3006 358 3063 servos,
392 3019 498 3067 quos
518 3019 574 3050 ex
597 3006 885 3067 lege-illorum
905 3004 1006 3051 licet
1028 3001 1243 3063 castigare
1262 3001 1317 3048 ad
1339 3001 1536 3063 libitum,
1569 3000 1618 3050 ἃ
1640 3000 1750 3050 fiad
1771 3002 1876 3051 nihil
1899 3001 2003 3050 utile
2027 3001 2146 3063 adigi

183 3069 360 3136 poffunt
378 3101 394 3126 ,
428 3066 677 3117 venduntur
707 3069 887 3117 demum
922 3083 1006 3132 pro
1028 3081 1173 3129 pauco
1198 3066 1254 3115 ad
1280 3066 1402 3114 viles.

2071 3191 2147 3238 De
