<?xml version="1.0" encoding="UTF-8"?>
<!DOCTYPE html PUBLIC "-//W3C//DTD XHTML 1.0 Transitional//EN"
    "http://www.w3.org/TR/xhtml1/DTD/xhtml1-transitional.dtd">
<html xmlns="http://www.w3.org/1999/xhtml" xml:lang="en" lang="en">
 <head>
  <title>
</title>
<meta http-equiv="Content-Type" content="text/html;charset=utf-8" />
  <meta name='ocr-system' content='tesseract 3.04.00' />
  <meta name='ocr-capabilities' content='ocr_page ocr_carea ocr_par ocr_line ocrx_word'/>
</head>
<body>
  <div class='ocr_page' id='page_1' title='image "./denovahierosolym00sweduoft_0272.png"; bbox 0 0 2502 3432; ppageno 0'>
   <div class='ocr_carea' id='block_1_1' title="bbox 223 195 1942 284">
    <p class='ocr_par' dir='ltr' id='par_1_1' title="bbox 223 195 1942 284">
     <span class='ocr_line' id='line_1_1' title="bbox 223 195 1942 284; baseline 0.006 -21"><span class='ocrx_word' id='word_1_1' title='bbox 223 220 307 284; x_wconf 77' lang='lat'>32</span> <span class='ocrx_word' id='word_1_2' title='bbox 495 205 611 264; x_wconf 76' lang='lat' dir='ltr'>De</span> <span class='ocrx_word' id='word_1_3' title='bbox 655 195 1261 267; x_wconf 77' lang='lat' dir='ltr'>TELLURmUS</span> <span class='ocrx_word' id='word_1_4' title='bbox 1307 227 1387 269; x_wconf 74' lang='lat' dir='ltr'>m</span> <span class='ocrx_word' id='word_1_5' title='bbox 1428 205 1942 273; x_wconf 85' lang='lat' dir='ltr'>UNIVERSO.</span> 
     </span>
    </p>
   </div>
   <div class='ocr_carea' id='block_1_2' title="bbox 164 325 2226 3288">
    <p class='ocr_par' dir='ltr' id='par_1_2' title="bbox 164 325 2219 1647">
     <span class='ocr_line' id='line_1_2' title="bbox 219 325 2203 401; baseline 0.007 -28"><span class='ocrx_word' id='word_1_6' title='bbox 219 325 455 376; x_wconf 82' lang='lat' dir='ltr'>murrhini.</span> <span class='ocrx_word' id='word_1_7' title='bbox 524 328 717 377; x_wconf 73' lang='lat' dir='ltr'>Diemm</span> <span class='ocrx_word' id='word_1_8' title='bbox 743 329 872 388; x_wconf 80' lang='lat' dir='ltr'>mihi,</span> <span class='ocrx_word' id='word_1_9' title='bbox 905 331 1031 395; x_wconf 85' lang='lat' dir='ltr'>quod</span> <span class='ocrx_word' id='word_1_10' title='bbox 1057 333 1160 380; x_wconf 89' lang='lat' dir='ltr'>tales</span> <span class='ocrx_word' id='word_1_11' title='bbox 1187 333 1270 381; x_wconf 85' lang='lat' dir='ltr'>smt</span> <span class='ocrx_word' id='word_1_12' title='bbox 1294 334 1535 399; x_wconf 84' lang='lat' dir='ltr'>principio,</span> <span class='ocrx_word' id='word_1_13' title='bbox 1559 337 1639 400; x_wconf 87' lang='lat' dir='ltr'>qui</span> <span class='ocrx_word' id='word_1_14' title='bbox 1663 336 1767 384; x_wconf 87' lang='lat' dir='ltr'>dein</span> <span class='ocrx_word' id='word_1_15' title='bbox 1793 336 2067 401; x_wconf 87' lang='lat' dir='ltr'>recipiuntur</span> <span class='ocrx_word' id='word_1_16' title='bbox 2090 336 2203 389; x_wconf 84' lang='lat' dir='ltr'>inter</span> 
     </span>
     <span class='ocr_line' id='line_1_3' title="bbox 203 393 2206 461; baseline 0.007 -21"><span class='ocrx_word' id='word_1_17' title='bbox 203 393 320 440; x_wconf 72' lang='lat' dir='ltr'>illos</span> <span class='ocrx_word' id='word_1_18' title='bbox 357 395 437 456; x_wconf 87' lang='lat' dir='ltr'>qui</span> <span class='ocrx_word' id='word_1_19' title='bbox 472 393 754 444; x_wconf 86' lang='lat' dir='ltr'>constituunt</span> <span class='ocrx_word' id='word_1_20' title='bbox 793 399 1071 461; x_wconf 86' lang='lat' dir='ltr'>provinciam</span> <span class='ocrx_word' id='word_1_21' title='bbox 1097 401 1476 448; x_wconf 67' lang='lat' dir='ltr'>VasrcuzARUM</span> <span class='ocrx_word' id='word_1_22' title='bbox 1513 403 1854 450; x_wconf 76' lang='lat' dir='ltr'>SEMINALIUM</span> <span class='ocrx_word' id='word_1_23' title='bbox 1908 406 1952 451; x_wconf 91' lang='lat' dir='ltr'>in</span> <span class='ocrx_word' id='word_1_24' title='bbox 1991 406 2206 454; x_wconf 85' lang='lat' dir='ltr'>Maximo</span> 
     </span>
     <span class='ocr_line' id='line_1_4' title="bbox 223 459 2209 530; baseline 0.007 -24"><span class='ocrx_word' id='word_1_25' title='bbox 223 459 432 507; x_wconf 84' lang='lat' dir='ltr'>Homine</span> <span class='ocrx_word' id='word_1_26' title='bbox 457 460 528 507; x_wconf 86' lang='lat' dir='ltr'>seu</span> <span class='ocrx_word' id='word_1_27' title='bbox 552 461 724 518; x_wconf 87' lang='lat' dir='ltr'>Coelo;</span> <span class='ocrx_word' id='word_1_28' title='bbox 753 464 799 510; x_wconf 90' lang='lat' dir='ltr'>in</span> <span class='ocrx_word' id='word_1_29' title='bbox 823 464 1040 512; x_wconf 87' lang='lat' dir='ltr'>Vesiculis</span> <span class='ocrx_word' id='word_1_30' title='bbox 1064 468 1184 513; x_wconf 84' lang='lat' dir='ltr'>enim</span> <span class='ocrx_word' id='word_1_31' title='bbox 1210 467 1294 513; x_wconf 89' lang='lat' dir='ltr'>illis</span> <span class='ocrx_word' id='word_1_32' title='bbox 1315 466 1546 530; x_wconf 86' lang='lat' dir='ltr'>colligitur</span> <span class='ocrx_word' id='word_1_33' title='bbox 1569 467 1733 525; x_wconf 86' lang='lat' dir='ltr'>semen,</span> <span class='ocrx_word' id='word_1_34' title='bbox 1755 485 1806 516; x_wconf 88' lang='lat' dir='ltr'>ac</span> <span class='ocrx_word' id='word_1_35' title='bbox 1830 471 2209 519; x_wconf 86' lang='lat' dir='ltr'>circuminduitur</span> 
     </span>
     <span class='ocr_line' id='line_1_5' title="bbox 226 527 2208 600; baseline 0.007 -30"><span class='ocrx_word' id='word_1_36' title='bbox 226 527 409 573; x_wconf 85' lang='lat' dir='ltr'>materia</span> <span class='ocrx_word' id='word_1_37' title='bbox 445 530 755 586; x_wconf 85' lang='lat' dir='ltr'>conveniente,</span> <span class='ocrx_word' id='word_1_38' title='bbox 796 543 900 593; x_wconf 89' lang='lat' dir='ltr'>apta</span> <span class='ocrx_word' id='word_1_39' title='bbox 934 531 988 578; x_wconf 84' lang='lat' dir='ltr'>ad</span> <span class='ocrx_word' id='word_1_40' title='bbox 1013 532 1366 580; x_wconf 83' lang='lat' dir='ltr'>conservandum</span> <span class='ocrx_word' id='word_1_41' title='bbox 1401 532 1576 580; x_wconf 87' lang='lat' dir='ltr'>seminis</span> <span class='ocrx_word' id='word_1_42' title='bbox 1598 535 1935 597; x_wconf 82' lang='lat' dir='ltr'>prolificurnne</span> <span class='ocrx_word' id='word_1_43' title='bbox 1960 537 2208 600; x_wconf 84' lang='lat' dir='ltr'>diffipetur,</span> 
     </span>
     <span class='ocr_line' id='line_1_6' title="bbox 223 594 2210 662; baseline 0.007 -25"><span class='ocrx_word' id='word_1_44' title='bbox 223 603 271 637; x_wconf 89' lang='lat' dir='ltr'>at</span> <span class='ocrx_word' id='word_1_45' title='bbox 305 607 412 655; x_wconf 82' lang='lat' dir='ltr'>quae</span> <span class='ocrx_word' id='word_1_46' title='bbox 445 595 549 640; x_wconf 87' lang='lat' dir='ltr'>exui</span> <span class='ocrx_word' id='word_1_47' title='bbox 574 594 720 657; x_wconf 89' lang='lat' dir='ltr'>potest</span> <span class='ocrx_word' id='word_1_48' title='bbox 745 597 789 642; x_wconf 89' lang='lat' dir='ltr'>in</span> <span class='ocrx_word' id='word_1_49' title='bbox 814 597 985 645; x_wconf 86' lang='lat' dir='ltr'>cervice</span> <span class='ocrx_word' id='word_1_50' title='bbox 1019 599 1150 655; x_wconf 89' lang='lat' dir='ltr'>uteri,</span> <span class='ocrx_word' id='word_1_51' title='bbox 1190 611 1242 645; x_wconf 90' lang='lat' dir='ltr'>ut</span> <span class='ocrx_word' id='word_1_52' title='bbox 1275 600 1334 646; x_wconf 86' lang='lat' dir='ltr'>fic</span> <span class='ocrx_word' id='word_1_53' title='bbox 1357 599 1482 662; x_wconf 89' lang='lat' dir='ltr'>quod</span> <span class='ocrx_word' id='word_1_54' title='bbox 1524 601 1643 647; x_wconf 90' lang='lat' dir='ltr'>intus</span> <span class='ocrx_word' id='word_1_55' title='bbox 1678 600 1946 651; x_wconf 87' lang='lat' dir='ltr'>reservatum</span> <span class='ocrx_word' id='word_1_56' title='bbox 1981 602 2043 649; x_wconf 85' lang='lat' dir='ltr'>est</span> <span class='ocrx_word' id='word_1_57' title='bbox 2078 603 2210 650; x_wconf 84' lang='lat' dir='ltr'>inser-</span> 
     </span>
     <span class='ocr_line' id='line_1_7' title="bbox 228 659 2212 729; baseline 0.007 -26"><span class='ocrx_word' id='word_1_58' title='bbox 228 659 320 704; x_wconf 88' lang='lat' dir='ltr'>viat</span> <span class='ocrx_word' id='word_1_59' title='bbox 345 660 646 722; x_wconf 83' lang='lat' dir='ltr'>conceptioni,</span> <span class='ocrx_word' id='word_1_60' title='bbox 683 659 755 708; x_wconf 88' lang='lat' dir='ltr'>seu</span> <span class='ocrx_word' id='word_1_61' title='bbox 779 663 1126 725; x_wconf 83' lang='lat' dir='ltr'>impregnationi</span> <span class='ocrx_word' id='word_1_62' title='bbox 1150 664 1309 719; x_wconf 85' lang='lat' dir='ltr'>ovuli;</span> <span class='ocrx_word' id='word_1_63' title='bbox 1356 666 1460 712; x_wconf 90' lang='lat' dir='ltr'>inde</span> <span class='ocrx_word' id='word_1_64' title='bbox 1483 681 1665 729; x_wconf 90' lang='lat' dir='ltr'>quoque</span> <span class='ocrx_word' id='word_1_65' title='bbox 1697 666 1760 713; x_wconf 89' lang='lat' dir='ltr'>est</span> <span class='ocrx_word' id='word_1_66' title='bbox 1783 666 1979 714; x_wconf 82' lang='lat' dir='ltr'>seminali</span> <span class='ocrx_word' id='word_1_67' title='bbox 2014 669 2078 715; x_wconf 90' lang='lat' dir='ltr'>illi</span> <span class='ocrx_word' id='word_1_68' title='bbox 2114 685 2212 717; x_wconf 89' lang='lat' dir='ltr'>ma·</span> 
     </span>
     <span class='ocr_line' id='line_1_8' title="bbox 226 725 2214 795; baseline 0.007 -26"><span class='ocrx_word' id='word_1_69' title='bbox 226 725 351 771; x_wconf 86' lang='lat' dir='ltr'>teriae</span> <span class='ocrx_word' id='word_1_70' title='bbox 373 737 559 772; x_wconf 84' lang='lat' dir='ltr'>conatus</span> <span class='ocrx_word' id='word_1_71' title='bbox 585 728 632 774; x_wconf 66' lang='grc' dir='ltr'>δι’</span> <span class='ocrx_word' id='word_1_72' title='bbox 655 727 773 789; x_wconf 78' lang='lat' dir='ltr'>quasi</span> <span class='ocrx_word' id='word_1_73' title='bbox 800 729 987 790; x_wconf 79' lang='lat' dir='ltr'>flagrans</span> <span class='ocrx_word' id='word_1_74' title='bbox 1011 729 1277 776; x_wconf 79' lang='lat' dir='ltr'>desiderium</span> <span class='ocrx_word' id='word_1_75' title='bbox 1303 729 1344 777; x_wconf 93' lang='lat' dir='ltr'>se</span> <span class='ocrx_word' id='word_1_76' title='bbox 1373 732 1585 789; x_wconf 84' lang='lat' dir='ltr'>exuendi,</span> <span class='ocrx_word' id='word_1_77' title='bbox 1617 734 1665 778; x_wconf 75' lang='grc' dir='ltr'>δι</span> <span class='ocrx_word' id='word_1_78' title='bbox 1691 732 1967 795; x_wconf 90' lang='lat' dir='ltr'>relinquendi</span> <span class='ocrx_word' id='word_1_79' title='bbox 1993 733 2137 782; x_wconf 85' lang='lat' dir='ltr'>semen</span> <span class='ocrx_word' id='word_1_80' title='bbox 2163 746 2214 782; x_wconf 89' lang='lat' dir='ltr'>ut</span> 
     </span>
     <span class='ocr_line' id='line_1_9' title="bbox 229 789 2213 860; baseline 0.006 -24"><span class='ocrx_word' id='word_1_81' title='bbox 229 789 408 852; x_wconf 71' lang='lat' dir='ltr'>praestet</span> <span class='ocrx_word' id='word_1_82' title='bbox 432 791 560 838; x_wconf 84' lang='lat' dir='ltr'>usum</span> <span class='ocrx_word' id='word_1_83' title='bbox 581 810 591 838; x_wconf 92' lang='lat'>:</span> <span class='ocrx_word' id='word_1_84' title='bbox 636 792 778 842; x_wconf 79' lang='lat' dir='ltr'>simile</span> <span class='ocrx_word' id='word_1_85' title='bbox 800 794 913 856; x_wconf 88' lang='lat' dir='ltr'>quid</span> <span class='ocrx_word' id='word_1_86' title='bbox 935 797 1071 842; x_wconf 88' lang='lat' dir='ltr'>etiam</span> <span class='ocrx_word' id='word_1_87' title='bbox 1096 797 1301 858; x_wconf 88' lang='lat' dir='ltr'>apparuit</span> <span class='ocrx_word' id='word_1_88' title='bbox 1337 797 1458 858; x_wconf 89' lang='lat' dir='ltr'>apud</span> <span class='ocrx_word' id='word_1_89' title='bbox 1483 796 1613 843; x_wconf 90' lang='lat' dir='ltr'>illum</span> <span class='ocrx_word' id='word_1_90' title='bbox 1638 797 1842 860; x_wconf 87' lang='lat' dir='ltr'>spiritum</span> <span class='ocrx_word' id='word_1_91' title='bbox 1864 817 1875 846; x_wconf 92' lang='lat'>:</span> <span class='ocrx_word' id='word_1_92' title='bbox 1919 801 1956 846; x_wconf 89' lang='lat' dir='ltr'>is</span> <span class='ocrx_word' id='word_1_93' title='bbox 1980 801 2103 847; x_wconf 85' lang='lat' dir='ltr'>venit</span> <span class='ocrx_word' id='word_1_94' title='bbox 2135 800 2213 847; x_wconf 82' lang='lat' dir='ltr'>ad·</span> 
     </span>
     <span class='ocr_line' id='line_1_10' title="bbox 230 855 2211 925; baseline 0.006 -23"><span class='ocrx_word' id='word_1_95' title='bbox 230 855 320 902; x_wconf 85' lang='lat' dir='ltr'>huc</span> <span class='ocrx_word' id='word_1_96' title='bbox 353 857 408 903; x_wconf 84' lang='lat' dir='ltr'>ad</span> <span class='ocrx_word' id='word_1_97' title='bbox 433 872 522 913; x_wconf 88' lang='lat' dir='ltr'>me,</span> <span class='ocrx_word' id='word_1_98' title='bbox 559 857 604 904; x_wconf 90' lang='lat' dir='ltr'>in</span> <span class='ocrx_word' id='word_1_99' title='bbox 629 857 789 906; x_wconf 88' lang='lat' dir='ltr'>vestitu</span> <span class='ocrx_word' id='word_1_100' title='bbox 814 860 910 916; x_wconf 87' lang='lat' dir='ltr'>vili,</span> <span class='ocrx_word' id='word_1_101' title='bbox 952 862 1003 908; x_wconf 76' lang='grc' dir='ltr'>ὅτ</span> <span class='ocrx_word' id='word_1_102' title='bbox 1024 861 1200 909; x_wconf 87' lang='lat' dir='ltr'>dicebat</span> <span class='ocrx_word' id='word_1_103' title='bbox 1239 863 1400 909; x_wconf 89' lang='lat' dir='ltr'>iterum</span> <span class='ocrx_word' id='word_1_104' title='bbox 1422 863 1549 925; x_wconf 88' lang='lat' dir='ltr'>quod</span> <span class='ocrx_word' id='word_1_105' title='bbox 1574 865 1744 909; x_wconf 81' lang='lat' dir='ltr'>arderet</span> <span class='ocrx_word' id='word_1_106' title='bbox 1765 864 1916 911; x_wconf 84' lang='lat' dir='ltr'>venire</span> <span class='ocrx_word' id='word_1_107' title='bbox 1949 866 1996 911; x_wconf 90' lang='lat' dir='ltr'>in</span> <span class='ocrx_word' id='word_1_108' title='bbox 2016 868 2211 924; x_wconf 77' lang='lat' dir='ltr'>coelum,</span> 
     </span>
     <span class='ocr_line' id='line_1_11' title="bbox 226 922 2212 991; baseline 0.005 -23"><span class='ocrx_word' id='word_1_109' title='bbox 226 922 280 968; x_wconf 88' lang='lat'>&amp;</span> <span class='ocrx_word' id='word_1_110' title='bbox 303 922 427 984; x_wconf 86' lang='lat' dir='ltr'>quod</span> <span class='ocrx_word' id='word_1_111' title='bbox 450 938 576 970; x_wconf 89' lang='lat' dir='ltr'>nunc</span> <span class='ocrx_word' id='word_1_112' title='bbox 613 927 918 988; x_wconf 86' lang='lat' dir='ltr'>apperciperet</span> <span class='ocrx_word' id='word_1_113' title='bbox 955 928 996 974; x_wconf 87' lang='lat' dir='ltr'>se</span> <span class='ocrx_word' id='word_1_114' title='bbox 1031 927 1164 974; x_wconf 84' lang='lat' dir='ltr'>talem</span> <span class='ocrx_word' id='word_1_115' title='bbox 1202 927 1284 975; x_wconf 81' lang='lat' dir='ltr'>effe</span> <span class='ocrx_word' id='word_1_116' title='bbox 1318 940 1370 975; x_wconf 90' lang='lat' dir='ltr'>ut</span> <span class='ocrx_word' id='word_1_117' title='bbox 1400 928 1572 991; x_wconf 83' lang='lat' dir='ltr'>poffet;</span> <span class='ocrx_word' id='word_1_118' title='bbox 1611 929 1758 975; x_wconf 85' lang='lat' dir='ltr'>dicere</span> <span class='ocrx_word' id='word_1_119' title='bbox 1789 930 1830 976; x_wconf 92' lang='lat' dir='ltr'>ei</span> <span class='ocrx_word' id='word_1_120' title='bbox 1865 942 1973 978; x_wconf 84' lang='lat' dir='ltr'>tunc</span> <span class='ocrx_word' id='word_1_121' title='bbox 2008 931 2212 987; x_wconf 84' lang='lat' dir='ltr'>dabatur,</span> 
     </span>
     <span class='ocr_line' id='line_1_12' title="bbox 231 986 2215 1060; baseline 0.005 -26"><span class='ocrx_word' id='word_1_122' title='bbox 231 988 358 1049; x_wconf 91' lang='lat' dir='ltr'>quod</span> <span class='ocrx_word' id='word_1_123' title='bbox 382 986 496 1036; x_wconf 90' lang='lat' dir='ltr'>forte</span> <span class='ocrx_word' id='word_1_124' title='bbox 520 989 564 1035; x_wconf 90' lang='lat' dir='ltr'>id</span> <span class='ocrx_word' id='word_1_125' title='bbox 590 990 809 1039; x_wconf 85' lang='lat' dir='ltr'>indicium</span> <span class='ocrx_word' id='word_1_126' title='bbox 835 992 888 1039; x_wconf 82' lang='lat' dir='ltr'>sit</span> <span class='ocrx_word' id='word_1_127' title='bbox 911 994 1036 1056; x_wconf 88' lang='lat' dir='ltr'>quod</span> <span class='ocrx_word' id='word_1_128' title='bbox 1062 994 1185 1040; x_wconf 90' lang='lat' dir='ltr'>brevi</span> <span class='ocrx_word' id='word_1_129' title='bbox 1219 995 1484 1057; x_wconf 85' lang='lat' dir='ltr'>recipiatur:</span> <span class='ocrx_word' id='word_1_130' title='bbox 1533 994 1762 1041; x_wconf 86' lang='lat' dir='ltr'>dicebatur</span> <span class='ocrx_word' id='word_1_131' title='bbox 1793 1006 1903 1041; x_wconf 90' lang='lat' dir='ltr'>tunc</span> <span class='ocrx_word' id='word_1_132' title='bbox 1925 997 1965 1042; x_wconf 88' lang='lat' dir='ltr'>ei</span> <span class='ocrx_word' id='word_1_133' title='bbox 2001 997 2056 1042; x_wconf 87' lang='lat' dir='ltr'>ab</span> <span class='ocrx_word' id='word_1_134' title='bbox 2079 1012 2215 1060; x_wconf 86' lang='lat' dir='ltr'>ange·</span> 
     </span>
     <span class='ocr_line' id='line_1_13' title="bbox 230 1054 2215 1122; baseline 0.005 -23"><span class='ocrx_word' id='word_1_135' title='bbox 230 1054 304 1109; x_wconf 87' lang='lat' dir='ltr'>lis,</span> <span class='ocrx_word' id='word_1_136' title='bbox 338 1069 393 1102; x_wconf 86' lang='lat' dir='ltr'>ut</span> <span class='ocrx_word' id='word_1_137' title='bbox 431 1054 629 1118; x_wconf 83' lang='lat' dir='ltr'>rejiceret</span> <span class='ocrx_word' id='word_1_138' title='bbox 654 1057 840 1115; x_wconf 87' lang='lat' dir='ltr'>vestem,</span> <span class='ocrx_word' id='word_1_139' title='bbox 879 1060 916 1106; x_wconf 79' lang='lat' dir='ltr'>is</span> <span class='ocrx_word' id='word_1_140' title='bbox 942 1075 1005 1106; x_wconf 83' lang='lat' dir='ltr'>ex</span> <span class='ocrx_word' id='word_1_141' title='bbox 1027 1059 1243 1107; x_wconf 79' lang='lat' dir='ltr'>desiderio</span> <span class='ocrx_word' id='word_1_142' title='bbox 1273 1072 1365 1107; x_wconf 86' lang='lat' dir='ltr'>tam</span> <span class='ocrx_word' id='word_1_143' title='bbox 1399 1061 1491 1107; x_wconf 91' lang='lat' dir='ltr'>cito</span> <span class='ocrx_word' id='word_1_144' title='bbox 1509 1060 1634 1107; x_wconf 90' lang='lat' dir='ltr'>illam</span> <span class='ocrx_word' id='word_1_145' title='bbox 1668 1057 1906 1122; x_wconf 81' lang='lat' dir='ltr'>rejiciebat,</span> <span class='ocrx_word' id='word_1_146' title='bbox 1938 1072 2000 1108; x_wconf 39' lang='lat' dir='ltr'>«ut</span> <span class='ocrx_word' id='word_1_147' title='bbox 2023 1063 2101 1108; x_wconf 88' lang='lat' dir='ltr'>vix</span> <span class='ocrx_word' id='word_1_148' title='bbox 2135 1063 2215 1109; x_wconf 88' lang='lat' dir='ltr'>ali-</span> 
     </span>
     <span class='ocr_line' id='line_1_14' title="bbox 226 1121 2216 1190; baseline 0.005 -23"><span class='ocrx_word' id='word_1_149' title='bbox 226 1121 346 1183; x_wconf 86' lang='lat' dir='ltr'>quid</span> <span class='ocrx_word' id='word_1_150' title='bbox 374 1122 543 1169; x_wconf 80' lang='lat' dir='ltr'>citius:</span> <span class='ocrx_word' id='word_1_151' title='bbox 585 1138 663 1186; x_wconf 82' lang='lat' dir='ltr'>per</span> <span class='ocrx_word' id='word_1_152' title='bbox 683 1125 809 1187; x_wconf 91' lang='lat' dir='ltr'>quod</span> <span class='ocrx_word' id='word_1_153' title='bbox 834 1125 1224 1188; x_wconf 81' lang='lat' dir='ltr'>repraesentabatur</span> <span class='ocrx_word' id='word_1_154' title='bbox 1257 1127 1403 1190; x_wconf 88' lang='lat' dir='ltr'>qualia</span> <span class='ocrx_word' id='word_1_155' title='bbox 1437 1125 1619 1174; x_wconf 88' lang='lat' dir='ltr'>illorum</span> <span class='ocrx_word' id='word_1_156' title='bbox 1655 1126 1866 1173; x_wconf 84' lang='lat' dir='ltr'>defideria</span> <span class='ocrx_word' id='word_1_157' title='bbox 1899 1126 2014 1184; x_wconf 85' lang='lat' dir='ltr'>sunt,</span> <span class='ocrx_word' id='word_1_158' title='bbox 2056 1129 2136 1190; x_wconf 92' lang='lat' dir='ltr'>qui</span> <span class='ocrx_word' id='word_1_159' title='bbox 2170 1129 2216 1177; x_wconf 84' lang='lat' dir='ltr'>in</span> 
     </span>
     <span class='ocr_line' id='line_1_15' title="bbox 231 1186 2215 1254; baseline 0.003 -21"><span class='ocrx_word' id='word_1_160' title='bbox 231 1186 483 1249; x_wconf 79' lang='lat' dir='ltr'>provincia,</span> <span class='ocrx_word' id='word_1_161' title='bbox 519 1191 595 1235; x_wconf 90' lang='lat' dir='ltr'>cui</span> <span class='ocrx_word' id='word_1_162' title='bbox 617 1189 838 1238; x_wconf 84' lang='lat' dir='ltr'>Veficulae</span> <span class='ocrx_word' id='word_1_163' title='bbox 869 1190 1095 1239; x_wconf 87' lang='lat' dir='ltr'>seminales</span> <span class='ocrx_word' id='word_1_164' title='bbox 1128 1191 1488 1254; x_wconf 78' lang='lat' dir='ltr'>correspondent.</span> <span class='ocrx_word' id='word_1_165' title='bbox 1557 1191 1768 1248; x_wconf 68' lang='lat' dir='ltr'>Dictum,</span> <span class='ocrx_word' id='word_1_166' title='bbox 1805 1192 1934 1254; x_wconf 81' lang='lat' dir='ltr'>quod</span> <span class='ocrx_word' id='word_1_167' title='bbox 1956 1192 2081 1249; x_wconf 85' lang='lat' dir='ltr'>tales,</span> <span class='ocrx_word' id='word_1_168' title='bbox 2105 1208 2215 1239; x_wconf 91' lang='lat' dir='ltr'>cum</span> 
     </span>
     <span class='ocr_line' id='line_1_16' title="bbox 232 1254 2217 1320; baseline 0.003 -21"><span class='ocrx_word' id='word_1_169' title='bbox 232 1254 473 1316; x_wconf 84' lang='lat' dir='ltr'>praeparati</span> <span class='ocrx_word' id='word_1_170' title='bbox 495 1254 551 1302; x_wconf 91' lang='lat' dir='ltr'>ad</span> <span class='ocrx_word' id='word_1_171' title='bbox 573 1255 768 1314; x_wconf 89' lang='lat' dir='ltr'>coelum,</span> <span class='ocrx_word' id='word_1_172' title='bbox 806 1270 1028 1306; x_wconf 85' lang='lat' dir='ltr'>exuantur</span> <span class='ocrx_word' id='word_1_173' title='bbox 1049 1257 1245 1305; x_wconf 88' lang='lat' dir='ltr'>vestibus</span> <span class='ocrx_word' id='word_1_174' title='bbox 1281 1256 1386 1313; x_wconf 80' lang='lat' dir='ltr'>suis,</span> <span class='ocrx_word' id='word_1_175' title='bbox 1427 1273 1477 1303; x_wconf 90' lang='lat' dir='ltr'>ac</span> <span class='ocrx_word' id='word_1_176' title='bbox 1518 1256 1763 1304; x_wconf 88' lang='lat' dir='ltr'>induantur</span> <span class='ocrx_word' id='word_1_177' title='bbox 1785 1258 1914 1304; x_wconf 87' lang='lat' dir='ltr'>novis</span> <span class='ocrx_word' id='word_1_178' title='bbox 1948 1257 2217 1320; x_wconf 85' lang='lat' dir='ltr'>splendenti-</span> 
     </span>
     <span class='ocr_line' id='line_1_17' title="bbox 233 1318 2216 1384; baseline 0.003 -20"><span class='ocrx_word' id='word_1_179' title='bbox 233 1318 336 1375; x_wconf 79' lang='lat' dir='ltr'>bu8,</span> <span class='ocrx_word' id='word_1_180' title='bbox 365 1333 417 1366; x_wconf 90' lang='lat' dir='ltr'>ac</span> <span class='ocrx_word' id='word_1_181' title='bbox 440 1320 549 1366; x_wconf 84' lang='lat' dir='ltr'>fiant</span> <span class='ocrx_word' id='word_1_182' title='bbox 571 1322 732 1383; x_wconf 86' lang='lat' dir='ltr'>angeli.</span> <span class='ocrx_word' id='word_1_183' title='bbox 801 1323 910 1369; x_wconf 85' lang='lat' dir='ltr'>Hos</span> <span class='ocrx_word' id='word_1_184' title='bbox 933 1322 1224 1369; x_wconf 80' lang='lat' dir='ltr'>assimilabant</span> <span class='ocrx_word' id='word_1_185' title='bbox 1244 1322 1522 1377; x_wconf 79' lang='lat' dir='ltr'>vermiculis,</span> <span class='ocrx_word' id='word_1_186' title='bbox 1567 1322 1647 1384; x_wconf 92' lang='lat' dir='ltr'>qui</span> <span class='ocrx_word' id='word_1_187' title='bbox 1670 1322 1850 1384; x_wconf 62' lang='lat' dir='ltr'>peracto</span> <span class='ocrx_word' id='word_1_188' title='bbox 1872 1321 1985 1368; x_wconf 90' lang='lat' dir='ltr'>statu</span> <span class='ocrx_word' id='word_1_189' title='bbox 2008 1323 2216 1371; x_wconf 79' lang='lat' dir='ltr'>vili-mu-</span> 
     </span>
     <span class='ocr_line' id='line_1_18' title="bbox 231 1385 2218 1450; baseline 0.002 -18"><span class='ocrx_word' id='word_1_190' title='bbox 231 1396 385 1432; x_wconf 86' lang='lat' dir='ltr'>tantur</span> <span class='ocrx_word' id='word_1_191' title='bbox 407 1386 451 1432; x_wconf 89' lang='lat' dir='ltr'>in</span> <span class='ocrx_word' id='word_1_192' title='bbox 477 1386 701 1448; x_wconf 81' lang='lat' dir='ltr'>nymphas</span> <span class='ocrx_word' id='word_1_193' title='bbox 722 1388 771 1434; x_wconf 72' lang='grc' dir='ltr'>δε</span> <span class='ocrx_word' id='word_1_194' title='bbox 796 1387 855 1433; x_wconf 87' lang='lat' dir='ltr'>fic</span> <span class='ocrx_word' id='word_1_195' title='bbox 897 1387 941 1432; x_wconf 89' lang='lat' dir='ltr'>in</span> <span class='ocrx_word' id='word_1_196' title='bbox 976 1387 1238 1450; x_wconf 77' lang='lat' dir='ltr'>papilioneS,</span> <span class='ocrx_word' id='word_1_197' title='bbox 1275 1385 1440 1449; x_wconf 89' lang='lat' dir='ltr'>quibus</span> <span class='ocrx_word' id='word_1_198' title='bbox 1470 1398 1580 1434; x_wconf 90' lang='lat' dir='ltr'>tunc</span> <span class='ocrx_word' id='word_1_199' title='bbox 1615 1386 1748 1432; x_wconf 81' lang='lat' dir='ltr'>datur</span> <span class='ocrx_word' id='word_1_200' title='bbox 1775 1386 1964 1433; x_wconf 67' lang='lat' dir='ltr'>amistus</span> <span class='ocrx_word' id='word_1_201' title='bbox 2002 1387 2128 1444; x_wconf 82' lang='lat' dir='ltr'>alius,</span> <span class='ocrx_word' id='word_1_202' title='bbox 2167 1388 2218 1435; x_wconf 84' lang='lat'>&amp;</span> 
     </span>
     <span class='ocr_line' id='line_1_19' title="bbox 164 1449 2219 1515; baseline 0.003 -20"><span class='ocrx_word' id='word_1_203' title='bbox 164 1498 168 1501; x_wconf 64' lang='grc'>,</span> <span class='ocrx_word' id='word_1_204' title='bbox 230 1465 416 1513; x_wconf 90' lang='lat' dir='ltr'>quoque</span> <span class='ocrx_word' id='word_1_205' title='bbox 437 1450 602 1498; x_wconf 86' lang='lat' dir='ltr'>dantur</span> <span class='ocrx_word' id='word_1_206' title='bbox 624 1451 706 1498; x_wconf 87' lang='lat' dir='ltr'>alae</span> <span class='ocrx_word' id='word_1_207' title='bbox 727 1452 890 1500; x_wconf 87' lang='lat' dir='ltr'>coloris</span> <span class='ocrx_word' id='word_1_208' title='bbox 914 1453 1110 1510; x_wconf 74' lang='lat' dir='ltr'>caerulei,</span> <span class='ocrx_word' id='word_1_209' title='bbox 1151 1453 1276 1509; x_wconf 87' lang='lat' dir='ltr'>flavi,</span> <span class='ocrx_word' id='word_1_210' title='bbox 1316 1452 1512 1515; x_wconf 86' lang='lat' dir='ltr'>argentei</span> <span class='ocrx_word' id='word_1_211' title='bbox 1545 1463 1623 1499; x_wconf 90' lang='lat' dir='ltr'>aut</span> <span class='ocrx_word' id='word_1_212' title='bbox 1645 1452 1764 1499; x_wconf 87' lang='lat' dir='ltr'>aurei</span> <span class='ocrx_word' id='word_1_213' title='bbox 1780 1449 1806 1508; x_wconf 69' lang='grc' dir='ltr'>ς’</span> <span class='ocrx_word' id='word_1_214' title='bbox 1836 1453 1886 1499; x_wconf 86' lang='lat'>&amp;</span> <span class='ocrx_word' id='word_1_215' title='bbox 1909 1465 2018 1500; x_wconf 91' lang='lat' dir='ltr'>tunc</span> <span class='ocrx_word' id='word_1_216' title='bbox 2041 1453 2219 1501; x_wconf 87' lang='lat' dir='ltr'>libertas</span> 
     </span>
     <span class='ocr_line' id='line_1_20' title="bbox 219 1515 2218 1582; baseline 0.004 -23"><span class='ocrx_word' id='word_1_217' title='bbox 219 1515 417 1565; x_wconf 71' lang='lat' dir='ltr'>‚volandi</span> <span class='ocrx_word' id='word_1_218' title='bbox 451 1517 500 1564; x_wconf 91' lang='lat' dir='ltr'>in</span> <span class='ocrx_word' id='word_1_219' title='bbox 522 1532 617 1564; x_wconf 89' lang='lat' dir='ltr'>aere</span> <span class='ocrx_word' id='word_1_220' title='bbox 637 1529 692 1565; x_wconf 81' lang='lat' dir='ltr'>‹ut</span> <span class='ocrx_word' id='word_1_221' title='bbox 729 1519 774 1565; x_wconf 91' lang='lat' dir='ltr'>in</span> <span class='ocrx_word' id='word_1_222' title='bbox 799 1517 878 1566; x_wconf 93' lang='lat' dir='ltr'>suo</span> <span class='ocrx_word' id='word_1_223' title='bbox 898 1518 1037 1576; x_wconf 89' lang='lat' dir='ltr'>coelo,</span> <span class='ocrx_word' id='word_1_224' title='bbox 1072 1535 1123 1566; x_wconf 89' lang='lat' dir='ltr'>ac</span> <span class='ocrx_word' id='word_1_225' title='bbox 1146 1517 1360 1582; x_wconf 83' lang='lat' dir='ltr'>conjugia</span> <span class='ocrx_word' id='word_1_226' title='bbox 1392 1517 1662 1574; x_wconf 85' lang='lat' dir='ltr'>celebrandi,</span> <span class='ocrx_word' id='word_1_227' title='bbox 1702 1518 1989 1581; x_wconf 88' lang='lat' dir='ltr'>ponendique</span> <span class='ocrx_word' id='word_1_228' title='bbox 2022 1536 2126 1576; x_wconf 91' lang='lat' dir='ltr'>ova,</span> <span class='ocrx_word' id='word_1_229' title='bbox 2166 1519 2218 1567; x_wconf 76' lang='grc' dir='ltr'>ὅτ.</span> 
     </span>
     <span class='ocr_line' id='line_1_21' title="bbox 214 1581 2218 1647; baseline 0.002 -19"><span class='ocrx_word' id='word_1_230' title='bbox 214 1581 294 1629; x_wconf 63' lang='lat' dir='ltr'>«fic</span> <span class='ocrx_word' id='word_1_231' title='bbox 319 1581 615 1645; x_wconf 73' lang='lat' dir='ltr'>prospiciendi</span> <span class='ocrx_word' id='word_1_232' title='bbox 638 1586 951 1647; x_wconf 82' lang='lat' dir='ltr'>propagationi</span> <span class='ocrx_word' id='word_1_233' title='bbox 973 1584 1038 1631; x_wconf 89' lang='lat' dir='ltr'>sui</span> <span class='ocrx_word' id='word_1_234' title='bbox 1058 1587 1234 1647; x_wconf 83' lang='lat' dir='ltr'>generis</span> <span class='ocrx_word' id='word_1_235' title='bbox 1251 1607 1268 1640; x_wconf 67' lang='grc' dir='ltr'>ς</span> <span class='ocrx_word' id='word_1_236' title='bbox 1305 1600 1355 1631; x_wconf 90' lang='lat' dir='ltr'>ac</span> <span class='ocrx_word' id='word_1_237' title='bbox 1375 1595 1485 1631; x_wconf 91' lang='lat' dir='ltr'>tunc</span> <span class='ocrx_word' id='word_1_238' title='bbox 1508 1583 1642 1630; x_wconf 78' lang='lat' dir='ltr'>simul</span> <span class='ocrx_word' id='word_1_239' title='bbox 1664 1585 1928 1630; x_wconf 77' lang='lat' dir='ltr'>addicantur</span> <span class='ocrx_word' id='word_1_240' title='bbox 1961 1584 2048 1633; x_wconf 91' lang='lat' dir='ltr'>illis</span> <span class='ocrx_word' id='word_1_241' title='bbox 2071 1585 2218 1633; x_wconf 65' lang='lat' dir='ltr'>vietus</span> 
     </span>
    </p>

    <p class='ocr_par' dir='ltr' id='par_1_3' title="bbox 213 1647 2226 3288">
     <span class='ocr_line' id='line_1_22' title="bbox 221 1647 2133 1700; baseline -0.001 -5"><span class='ocrx_word' id='word_1_242' title='bbox 221 1647 390 1696; x_wconf 54' lang='lat' dir='ltr'>„dulces</span> <span class='ocrx_word' id='word_1_243' title='bbox 414 1650 463 1696; x_wconf 90' lang='lat'>&amp;</span> <span class='ocrx_word' id='word_1_244' title='bbox 486 1651 650 1695; x_wconf 88' lang='lat' dir='ltr'>amaeni</span> <span class='ocrx_word' id='word_1_245' title='bbox 673 1665 732 1696; x_wconf 86' lang='lat' dir='ltr'>ex</span> <span class='ocrx_word' id='word_1_246' title='bbox 755 1649 893 1700; x_wconf 86' lang='lat' dir='ltr'>succis</span> <span class='ocrx_word' id='word_1_247' title='bbox 915 1650 964 1696; x_wconf 72' lang='grc' dir='ltr'>δε</span> <span class='ocrx_word' id='word_1_248' title='bbox 992 1649 1209 1697; x_wconf 85' lang='lat' dir='ltr'>odoribus</span> <span class='ocrx_word' id='word_1_249' title='bbox 1233 1650 1463 1695; x_wconf 86' lang='lat' dir='ltr'>variorum</span> <span class='ocrx_word' id='word_1_250' title='bbox 1487 1649 1668 1695; x_wconf 87' lang='lat' dir='ltr'>florum.</span> <span class='ocrx_word' id='word_1_251' title='bbox 2129 1668 2133 1670; x_wconf 93' lang='lat'>·</span> 
     </span>
     <span class='ocr_line' id='line_1_23' title="bbox 284 1712 2219 1777; baseline -0.001 -15"><span class='ocrx_word' id='word_1_252' title='bbox 284 1714 853 1777; x_wconf 21' lang='lat' dir='ltr'>*80.1.1n,.praecedentibus</span> <span class='ocrx_word' id='word_1_253' title='bbox 874 1714 1082 1762; x_wconf 83' lang='lat' dir='ltr'>nondum</span> <span class='ocrx_word' id='word_1_254' title='bbox 1099 1713 1286 1762; x_wconf 62' lang='lat' dir='ltr'>dictum</span> <span class='ocrx_word' id='word_1_255' title='bbox 1308 1713 1386 1770; x_wconf 91' lang='lat' dir='ltr'>est,</span> <span class='ocrx_word' id='word_1_256' title='bbox 1428 1713 1578 1776; x_wconf 83' lang='lat' dir='ltr'>quales</span> <span class='ocrx_word' id='word_1_257' title='bbox 1612 1712 1712 1760; x_wconf 87' lang='lat' dir='ltr'>sunt</span> <span class='ocrx_word' id='word_1_258' title='bbox 1735 1714 1906 1776; x_wconf 89' lang='lat' dir='ltr'>Angeli</span> <span class='ocrx_word' id='word_1_259' title='bbox 1935 1714 2021 1777; x_wconf 86' lang='lat' dir='ltr'>qui</span> <span class='ocrx_word' id='word_1_260' title='bbox 2055 1728 2112 1761; x_wconf 86' lang='lat' dir='ltr'>ex</span> <span class='ocrx_word' id='word_1_261' title='bbox 2144 1713 2219 1762; x_wconf 89' lang='lat' dir='ltr'>illa</span> 
     </span>
     <span class='ocr_line' id='line_1_24' title="bbox 235 1779 2218 1843; baseline 0 -17"><span class='ocrx_word' id='word_1_262' title='bbox 235 1779 456 1834; x_wconf 85' lang='lat' dir='ltr'>Tellure;</span> <span class='ocrx_word' id='word_1_263' title='bbox 496 1780 575 1842; x_wconf 91' lang='lat' dir='ltr'>qui</span> <span class='ocrx_word' id='word_1_264' title='bbox 614 1781 736 1831; x_wconf 88' lang='lat' dir='ltr'>enim</span> <span class='ocrx_word' id='word_1_265' title='bbox 770 1781 827 1827; x_wconf 90' lang='lat' dir='ltr'>ad</span> <span class='ocrx_word' id='word_1_266' title='bbox 861 1779 1067 1828; x_wconf 85' lang='lat' dir='ltr'>homines</span> <span class='ocrx_word' id='word_1_267' title='bbox 1106 1779 1196 1826; x_wconf 86' lang='lat' dir='ltr'>suae</span> <span class='ocrx_word' id='word_1_268' title='bbox 1231 1779 1399 1825; x_wconf 88' lang='lat' dir='ltr'>telluris</span> <span class='ocrx_word' id='word_1_269' title='bbox 1435 1780 1623 1826; x_wconf 71' lang='lat' dir='ltr'>veniunt</span> <span class='ocrx_word' id='word_1_270' title='bbox 1657 1780 1705 1827; x_wconf 76' lang='grc' dir='ltr'>ὅτ</span> <span class='ocrx_word' id='word_1_271' title='bbox 1746 1781 1930 1827; x_wconf 87' lang='lat' dir='ltr'>affident</span> <span class='ocrx_word' id='word_1_272' title='bbox 1964 1780 2119 1843; x_wconf 84' lang='lat' dir='ltr'>capiti,</span> <span class='ocrx_word' id='word_1_273' title='bbox 2159 1780 2218 1826; x_wconf 89' lang='lat' dir='ltr'>de</span> 
     </span>
     <span class='ocr_line' id='line_1_25' title="bbox 213 1843 2217 1909; baseline -0 -17"><span class='ocrx_word' id='word_1_274' title='bbox 213 1844 400 1908; x_wconf 80' lang='lat' dir='ltr'>-quibus</span> <span class='ocrx_word' id='word_1_275' title='bbox 414 1843 552 1908; x_wconf 59' lang='lat' dir='ltr'>&gt;supra</span> <span class='ocrx_word' id='word_1_276' title='bbox 588 1861 617 1891; x_wconf 89' lang='lat' dir='ltr'>n</span> <span class='ocrx_word' id='word_1_277' title='bbox 643 1862 655 1892; x_wconf 76' lang='grc' dir='ltr'>ε</span> <span class='ocrx_word' id='word_1_278' title='bbox 684 1861 762 1909; x_wconf 88' lang='lat'>73,</span> <span class='ocrx_word' id='word_1_279' title='bbox 802 1861 894 1894; x_wconf 84' lang='lat' dir='ltr'>non</span> <span class='ocrx_word' id='word_1_280' title='bbox 919 1845 1019 1894; x_wconf 90' lang='lat' dir='ltr'>sunt</span> <span class='ocrx_word' id='word_1_281' title='bbox 1052 1845 1199 1908; x_wconf 89' lang='lat' dir='ltr'>angeli</span> <span class='ocrx_word' id='word_1_282' title='bbox 1237 1846 1282 1891; x_wconf 91' lang='lat' dir='ltr'>in</span> <span class='ocrx_word' id='word_1_283' title='bbox 1306 1860 1465 1892; x_wconf 90' lang='lat' dir='ltr'>eorum</span> <span class='ocrx_word' id='word_1_284' title='bbox 1489 1845 1614 1893; x_wconf 86' lang='lat' dir='ltr'>coelo</span> <span class='ocrx_word' id='word_1_285' title='bbox 1654 1846 1871 1901; x_wconf 89' lang='lat' dir='ltr'>interiori,</span> <span class='ocrx_word' id='word_1_286' title='bbox 1911 1846 1983 1896; x_wconf 90' lang='lat' dir='ltr'>sed</span> <span class='ocrx_word' id='word_1_287' title='bbox 1996 1845 2110 1891; x_wconf 86' lang='lat' dir='ltr'>:sunt</span> <span class='ocrx_word' id='word_1_288' title='bbox 2130 1844 2217 1907; x_wconf 88' lang='lat' dir='ltr'>spi·</span> 
     </span>
     <span class='ocr_line' id='line_1_26' title="bbox 217 1909 2220 1976; baseline 0.001 -20"><span class='ocrx_word' id='word_1_289' title='bbox 217 1912 348 1959; x_wconf 40' lang='lat' dir='ltr'>‘ritus</span> <span class='ocrx_word' id='word_1_290' title='bbox 370 1911 560 1974; x_wconf 83' lang='lat' dir='ltr'>angelici</span> <span class='ocrx_word' id='word_1_291' title='bbox 585 1909 657 1959; x_wconf 92' lang='lat' dir='ltr'>seu</span> <span class='ocrx_word' id='word_1_292' title='bbox 681 1912 829 1976; x_wconf 82' lang='lat' dir='ltr'>angeli</span> <span class='ocrx_word' id='word_1_293' title='bbox 860 1913 909 1959; x_wconf 90' lang='lat' dir='ltr'>in</span> <span class='ocrx_word' id='word_1_294' title='bbox 929 1911 1054 1960; x_wconf 89' lang='lat' dir='ltr'>coelo</span> <span class='ocrx_word' id='word_1_295' title='bbox 1075 1926 1233 1960; x_wconf 88' lang='lat' dir='ltr'>eorum</span> <span class='ocrx_word' id='word_1_296' title='bbox 1257 1912 1462 1959; x_wconf 87' lang='lat' dir='ltr'>exteriori</span> <span class='ocrx_word' id='word_1_297' title='bbox 1483 1933 1497 1966; x_wconf 88' lang='lat'>;</span> <span class='ocrx_word' id='word_1_298' title='bbox 1540 1912 1587 1957; x_wconf 76' lang='grc' dir='ltr'>δε</span> <span class='ocrx_word' id='word_1_299' title='bbox 1613 1912 1718 1973; x_wconf 91' lang='lat' dir='ltr'>quia</span> <span class='ocrx_word' id='word_1_300' title='bbox 1752 1911 1863 1958; x_wconf 88' lang='lat' dir='ltr'>mihi</span> <span class='ocrx_word' id='word_1_301' title='bbox 1887 1912 2116 1958; x_wconf 68' lang='lat' dir='ltr'>detectum</span> <span class='ocrx_word' id='word_1_302' title='bbox 2138 1910 2220 1968; x_wconf 84' lang='lat' dir='ltr'>est,</span> 
     </span>
     <span class='ocr_line' id='line_1_27' title="bbox 222 1975 2218 2042; baseline 0.001 -22"><span class='ocrx_word' id='word_1_303' title='bbox 222 1977 388 2040; x_wconf 86' lang='lat' dir='ltr'>quales</span> <span class='ocrx_word' id='word_1_304' title='bbox 409 1979 543 2024; x_wconf 90' lang='lat' dir='ltr'>etiam</span> <span class='ocrx_word' id='word_1_305' title='bbox 567 1976 667 2025; x_wconf 88' lang='lat' dir='ltr'>sunt</span> <span class='ocrx_word' id='word_1_306' title='bbox 684 1978 856 2042; x_wconf 86' lang='lat' dir='ltr'>Angeli</span> <span class='ocrx_word' id='word_1_307' title='bbox 879 1977 961 2036; x_wconf 90' lang='lat' dir='ltr'>illi,</span> <span class='ocrx_word' id='word_1_308' title='bbox 984 1978 1090 2026; x_wconf 87' lang='lat' dir='ltr'>licet</span> <span class='ocrx_word' id='word_1_309' title='bbox 1111 1993 1378 2033; x_wconf 89' lang='lat' dir='ltr'>memorare,</span> <span class='ocrx_word' id='word_1_310' title='bbox 1403 1993 1511 2040; x_wconf 84' lang='lat' dir='ltr'>quae</span> <span class='ocrx_word' id='word_1_311' title='bbox 1531 1976 1587 2023; x_wconf 92' lang='lat' dir='ltr'>de</span> <span class='ocrx_word' id='word_1_312' title='bbox 1612 1975 1696 2023; x_wconf 90' lang='lat' dir='ltr'>illis</span> <span class='ocrx_word' id='word_1_313' title='bbox 1720 1993 1902 2040; x_wconf 91' lang='lat' dir='ltr'>quoque</span> <span class='ocrx_word' id='word_1_314' title='bbox 1925 1977 2030 2026; x_wconf 86' lang='lat' dir='ltr'>scire</span> <span class='ocrx_word' id='word_1_315' title='bbox 2054 1978 2218 2023; x_wconf 88' lang='lat' dir='ltr'>datum</span> 
     </span>
     <span class='ocr_line' id='line_1_28' title="bbox 234 2041 2220 2108; baseline -0.001 -19"><span class='ocrx_word' id='word_1_316' title='bbox 234 2042 314 2089; x_wconf 88' lang='lat' dir='ltr'>est.</span> <span class='ocrx_word' id='word_1_317' title='bbox 383 2044 588 2108; x_wconf 82' lang='lat' dir='ltr'>Qidam</span> <span class='ocrx_word' id='word_1_318' title='bbox 621 2059 680 2091; x_wconf 85' lang='lat' dir='ltr'>ex</span> <span class='ocrx_word' id='word_1_319' title='bbox 721 2044 945 2107; x_wconf 88' lang='lat' dir='ltr'>spiritibus</span> <span class='ocrx_word' id='word_1_320' title='bbox 975 2044 1123 2106; x_wconf 87' lang='lat' dir='ltr'>Jovis,</span> <span class='ocrx_word' id='word_1_321' title='bbox 1164 2045 1245 2107; x_wconf 83' lang='lat' dir='ltr'>qui</span> <span class='ocrx_word' id='word_1_322' title='bbox 1278 2044 1491 2091; x_wconf 88' lang='lat' dir='ltr'>timorem</span> <span class='ocrx_word' id='word_1_323' title='bbox 1531 2043 1772 2098; x_wconf 71' lang='lat' dir='ltr'>incutiunt,</span> <span class='ocrx_word' id='word_1_324' title='bbox 1817 2042 1993 2106; x_wconf 87' lang='lat' dir='ltr'>appulit</span> <span class='ocrx_word' id='word_1_325' title='bbox 2025 2042 2082 2088; x_wconf 91' lang='lat' dir='ltr'>ad</span> <span class='ocrx_word' id='word_1_326' title='bbox 2116 2041 2220 2088; x_wconf 86' lang='lat' dir='ltr'>fini·</span> 
     </span>
     <span class='ocr_line' id='line_1_29' title="bbox 230 2106 2219 2173; baseline -0.002 -17"><span class='ocrx_word' id='word_1_327' title='bbox 230 2108 383 2156; x_wconf 74' lang='lat' dir='ltr'>strum</span> <span class='ocrx_word' id='word_1_328' title='bbox 410 2123 564 2157; x_wconf 85' lang='lat' dir='ltr'>meum</span> <span class='ocrx_word' id='word_1_329' title='bbox 589 2109 704 2157; x_wconf 86' lang='lat' dir='ltr'>latus</span> <span class='ocrx_word' id='word_1_330' title='bbox 739 2110 819 2167; x_wconf 89' lang='lat' dir='ltr'>sub</span> <span class='ocrx_word' id='word_1_331' title='bbox 837 2109 959 2168; x_wconf 85' lang='lat' dir='ltr'>ulna,</span> <span class='ocrx_word' id='word_1_332' title='bbox 993 2127 1049 2158; x_wconf 83' lang='lat' dir='ltr'>ac</span> <span class='ocrx_word' id='word_1_333' title='bbox 1082 2110 1186 2158; x_wconf 88' lang='lat' dir='ltr'>inde</span> <span class='ocrx_word' id='word_1_334' title='bbox 1209 2109 1492 2173; x_wconf 84' lang='lat' dir='ltr'>loquebatur,</span> <span class='ocrx_word' id='word_1_335' title='bbox 1536 2107 1609 2155; x_wconf 92' lang='lat' dir='ltr'>sed</span> <span class='ocrx_word' id='word_1_336' title='bbox 1646 2108 1823 2171; x_wconf 86' lang='lat' dir='ltr'>loquela</span> <span class='ocrx_word' id='word_1_337' title='bbox 1861 2106 1955 2171; x_wconf 92' lang='lat' dir='ltr'>ejus</span> <span class='ocrx_word' id='word_1_338' title='bbox 1993 2118 2085 2156; x_wconf 86' lang='lat' dir='ltr'>erat</span> <span class='ocrx_word' id='word_1_339' title='bbox 2122 2107 2219 2154; x_wconf 91' lang='lat' dir='ltr'>stri-</span> 
     </span>
     <span class='ocr_line' id='line_1_30' title="bbox 238 2172 2219 2237; baseline -0.002 -15"><span class='ocrx_word' id='word_1_340' title='bbox 238 2174 368 2232; x_wconf 88' lang='lat' dir='ltr'>dens,</span> <span class='ocrx_word' id='word_1_341' title='bbox 408 2192 542 2223; x_wconf 90' lang='lat' dir='ltr'>voces</span> <span class='ocrx_word' id='word_1_342' title='bbox 565 2192 647 2223; x_wconf 89' lang='lat' dir='ltr'>nec</span> <span class='ocrx_word' id='word_1_343' title='bbox 670 2190 794 2225; x_wconf 89' lang='lat' dir='ltr'>erant</span> <span class='ocrx_word' id='word_1_344' title='bbox 816 2177 1068 2225; x_wconf 88' lang='lat' dir='ltr'>admodum</span> <span class='ocrx_word' id='word_1_345' title='bbox 1092 2175 1294 2224; x_wconf 86' lang='lat' dir='ltr'>discretae</span> <span class='ocrx_word' id='word_1_346' title='bbox 1323 2191 1373 2222; x_wconf 93' lang='lat' dir='ltr'>ac</span> <span class='ocrx_word' id='word_1_347' title='bbox 1407 2176 1522 2222; x_wconf 88' lang='lat' dir='ltr'>inter</span> <span class='ocrx_word' id='word_1_348' title='bbox 1556 2173 1598 2221; x_wconf 88' lang='lat' dir='ltr'>se</span> <span class='ocrx_word' id='word_1_349' title='bbox 1637 2174 1859 2237; x_wconf 85' lang='lat' dir='ltr'>separatae,</span> <span class='ocrx_word' id='word_1_350' title='bbox 1905 2173 2017 2220; x_wconf 84' lang='lat' dir='ltr'>adeo</span> <span class='ocrx_word' id='word_1_351' title='bbox 2050 2184 2100 2219; x_wconf 91' lang='lat' dir='ltr'>ut</span> <span class='ocrx_word' id='word_1_352' title='bbox 2139 2172 2219 2219; x_wconf 90' lang='lat' dir='ltr'>diu</span> 
     </span>
     <span class='ocr_line' id='line_1_31' title="bbox 233 2238 2218 2313; baseline -0.002 -26"><span class='ocrx_word' id='word_1_353' title='bbox 233 2241 486 2305; x_wconf 66' lang='lat' dir='ltr'>exspectare</span> <span class='ocrx_word' id='word_1_354' title='bbox 506 2242 716 2290; x_wconf 83' lang='lat' dir='ltr'>deberem</span> <span class='ocrx_word' id='word_1_355' title='bbox 753 2255 993 2306; x_wconf 85' lang='lat' dir='ltr'>antequam</span> <span class='ocrx_word' id='word_1_356' title='bbox 1026 2243 1289 2306; x_wconf 88' lang='lat' dir='ltr'>colligerem</span> <span class='ocrx_word' id='word_1_357' title='bbox 1316 2241 1505 2296; x_wconf 87' lang='lat' dir='ltr'>sensum,</span> <span class='ocrx_word' id='word_1_358' title='bbox 1544 2240 1595 2288; x_wconf 78' lang='grc' dir='ltr'>δε</span> <span class='ocrx_word' id='word_1_359' title='bbox 1627 2255 1733 2286; x_wconf 88' lang='lat' dir='ltr'>cum</span> <span class='ocrx_word' id='word_1_360' title='bbox 1764 2238 2043 2302; x_wconf 86' lang='lat' dir='ltr'>loquebatur,</span> <span class='ocrx_word' id='word_1_361' title='bbox 2082 2239 2218 2313; x_wconf 74' lang='lat' dir='ltr'>etiam</span> 
     </span>
     <span class='ocr_line' id='line_1_32' title="bbox 220 2305 2221 2371; baseline -0.002 -18"><span class='ocrx_word' id='word_1_362' title='bbox 220 2305 532 2370; x_wconf 76' lang='lat' dir='ltr'>¹interjiciebat</span> <span class='ocrx_word' id='word_1_363' title='bbox 555 2309 726 2371; x_wconf 88' lang='lat' dir='ltr'>aliquid</span> <span class='ocrx_word' id='word_1_364' title='bbox 751 2309 925 2356; x_wconf 84' lang='lat' dir='ltr'>timoris</span> <span class='ocrx_word' id='word_1_365' title='bbox 946 2332 960 2365; x_wconf 77' lang='lat'>3</span> <span class='ocrx_word' id='word_1_366' title='bbox 1007 2325 1195 2356; x_wconf 87' lang='lat' dir='ltr'>monens</span> <span class='ocrx_word' id='word_1_367' title='bbox 1214 2310 1347 2356; x_wconf 86' lang='lat' dir='ltr'>etiam</span> <span class='ocrx_word' id='word_1_368' title='bbox 1371 2307 1430 2354; x_wconf 90' lang='lat' dir='ltr'>fic</span> <span class='ocrx_word' id='word_1_369' title='bbox 1454 2318 1507 2353; x_wconf 89' lang='lat' dir='ltr'>ut</span> <span class='ocrx_word' id='word_1_370' title='bbox 1528 2322 1616 2368; x_wconf 84' lang='lat' dir='ltr'>ego</span> <span class='ocrx_word' id='word_1_371' title='bbox 1640 2305 1867 2368; x_wconf 78' lang='lat' dir='ltr'>Angelos,</span> <span class='ocrx_word' id='word_1_372' title='bbox 1884 2320 1990 2359; x_wconf 84' lang='lat' dir='ltr'>cum</span> <span class='ocrx_word' id='word_1_373' title='bbox 2013 2314 2221 2358; x_wconf 78' lang='lat' dir='ltr'>veniunt,</span> 
     </span>
     <span class='ocr_line' id='line_1_33' title="bbox 239 2369 2223 2437; baseline -0.003 -18"><span class='ocrx_word' id='word_1_374' title='bbox 239 2372 352 2420; x_wconf 88' lang='lat' dir='ltr'>bene</span> <span class='ocrx_word' id='word_1_375' title='bbox 374 2374 593 2437; x_wconf 88' lang='lat' dir='ltr'>excipiam</span> <span class='ocrx_word' id='word_1_376' title='bbox 616 2395 631 2428; x_wconf 73' lang='lat'>3</span> <span class='ocrx_word' id='word_1_377' title='bbox 681 2374 752 2420; x_wconf 90' lang='lat' dir='ltr'>sed</span> <span class='ocrx_word' id='word_1_378' title='bbox 773 2374 1042 2436; x_wconf 82' lang='lat' dir='ltr'>respondere</span> <span class='ocrx_word' id='word_1_379' title='bbox 1071 2374 1275 2428; x_wconf 89' lang='lat' dir='ltr'>dabatur,</span> <span class='ocrx_word' id='word_1_380' title='bbox 1314 2372 1444 2434; x_wconf 92' lang='lat' dir='ltr'>quod</span> <span class='ocrx_word' id='word_1_381' title='bbox 1463 2372 1558 2425; x_wconf 13' lang='lat' dir='ltr'>hoc*</span> <span class='ocrx_word' id='word_1_382' title='bbox 1577 2386 1734 2417; x_wconf 88' lang='lat' dir='ltr'>meum</span> <span class='ocrx_word' id='word_1_383' title='bbox 1767 2387 1860 2418; x_wconf 89' lang='lat' dir='ltr'>non</span> <span class='ocrx_word' id='word_1_384' title='bbox 1884 2370 1955 2426; x_wconf 86' lang='lat' dir='ltr'>fit,</span> <span class='ocrx_word' id='word_1_385' title='bbox 1994 2369 2223 2432; x_wconf 84' lang='lat' dir='ltr'>sedquod</span> 
     </span>
     <span class='ocr_line' id='line_1_34' title="bbox 223 2433 2223 2502; baseline -0.004 -16"><span class='ocrx_word' id='word_1_386' title='bbox 223 2438 360 2501; x_wconf 81' lang='lat' dir='ltr'>,apud</span> <span class='ocrx_word' id='word_1_387' title='bbox 387 2455 459 2485; x_wconf 88' lang='lat' dir='ltr'>me</span> <span class='ocrx_word' id='word_1_388' title='bbox 481 2439 759 2502; x_wconf 86' lang='lat' dir='ltr'>excipiantur</span> <span class='ocrx_word' id='word_1_389' title='bbox 781 2454 939 2487; x_wconf 89' lang='lat' dir='ltr'>omnes</span> <span class='ocrx_word' id='word_1_390' title='bbox 962 2439 1074 2486; x_wconf 86' lang='lat' dir='ltr'>ficut</span> <span class='ocrx_word' id='word_1_391' title='bbox 1109 2437 1191 2502; x_wconf 85' lang='lat' dir='ltr'>ipfi</span> <span class='ocrx_word' id='word_1_392' title='bbox 1215 2438 1329 2484; x_wconf 88' lang='lat' dir='ltr'>sunt.</span> <span class='ocrx_word' id='word_1_393' title='bbox 1400 2437 1524 2483; x_wconf 90' lang='lat' dir='ltr'>Mox</span> <span class='ocrx_word' id='word_1_394' title='bbox 1549 2435 1785 2482; x_wconf 88' lang='lat' dir='ltr'>veniebant</span> <span class='ocrx_word' id='word_1_395' title='bbox 1801 2436 1972 2498; x_wconf 83' lang='lat' dir='ltr'>Angeli</span> <span class='ocrx_word' id='word_1_396' title='bbox 1997 2435 2116 2481; x_wconf 86' lang='lat' dir='ltr'>illius</span> <span class='ocrx_word' id='word_1_397' title='bbox 2135 2433 2223 2492; x_wconf 9' lang='lat' dir='ltr'>utel-</span> 
     </span>
     <span class='ocr_line' id='line_1_35' title="bbox 242 2499 2224 2568; baseline -0.003 -17"><span class='ocrx_word' id='word_1_398' title='bbox 242 2505 367 2560; x_wconf 89' lang='lat' dir='ltr'>luris,</span> <span class='ocrx_word' id='word_1_399' title='bbox 401 2506 450 2552; x_wconf 85' lang='lat'>&amp;</span> <span class='ocrx_word' id='word_1_400' title='bbox 489 2505 674 2552; x_wconf 87' lang='lat' dir='ltr'>dabatur</span> <span class='ocrx_word' id='word_1_401' title='bbox 711 2507 938 2568; x_wconf 83' lang='lat' dir='ltr'>percipere</span> <span class='ocrx_word' id='word_1_402' title='bbox 974 2521 1029 2552; x_wconf 86' lang='lat' dir='ltr'>ex</span> <span class='ocrx_word' id='word_1_403' title='bbox 1068 2505 1248 2567; x_wconf 86' lang='lat' dir='ltr'>loquela</span> <span class='ocrx_word' id='word_1_404' title='bbox 1287 2518 1490 2559; x_wconf 87' lang='lat' dir='ltr'>mecum,</span> <span class='ocrx_word' id='word_1_405' title='bbox 1524 2502 1651 2564; x_wconf 92' lang='lat' dir='ltr'>quod</span> <span class='ocrx_word' id='word_1_406' title='bbox 1688 2500 1866 2565; x_wconf 88' lang='lat' dir='ltr'>prorsus</span> <span class='ocrx_word' id='word_1_407' title='bbox 1900 2500 2131 2551; x_wconf 88' lang='lat' dir='ltr'>differrent</span> <span class='ocrx_word' id='word_1_408' title='bbox 2167 2499 2224 2546; x_wconf 88' lang='lat' dir='ltr'>ab</span> 
     </span>
     <span class='ocr_line' id='line_1_36' title="bbox 240 2565 2225 2635; baseline -0.003 -17"><span class='ocrx_word' id='word_1_409' title='bbox 240 2570 435 2634; x_wconf 81' lang='lat' dir='ltr'>Angelis</span> <span class='ocrx_word' id='word_1_410' title='bbox 451 2571 621 2618; x_wconf 79' lang='lat' dir='ltr'>&#39;nostrae</span> <span class='ocrx_word' id='word_1_411' title='bbox 644 2571 847 2627; x_wconf 66' lang='lat' dir='ltr'>telluri-53</span> <span class='ocrx_word' id='word_1_412' title='bbox 893 2571 1070 2635; x_wconf 89' lang='lat' dir='ltr'>loquela</span> <span class='ocrx_word' id='word_1_413' title='bbox 1099 2572 1223 2618; x_wconf 87' lang='lat' dir='ltr'>enim</span> <span class='ocrx_word' id='word_1_414' title='bbox 1260 2584 1419 2616; x_wconf 88' lang='lat' dir='ltr'>eorum</span> <span class='ocrx_word' id='word_1_415' title='bbox 1443 2566 1575 2614; x_wconf 81' lang='lat' dir='ltr'>fiebat</span> <span class='ocrx_word' id='word_1_416' title='bbox 1607 2583 1698 2614; x_wconf 92' lang='lat' dir='ltr'>non</span> <span class='ocrx_word' id='word_1_417' title='bbox 1737 2583 1818 2630; x_wconf 88' lang='lat' dir='ltr'>per</span> <span class='ocrx_word' id='word_1_418' title='bbox 1841 2582 1992 2622; x_wconf 91' lang='lat' dir='ltr'>voces,</span> <span class='ocrx_word' id='word_1_419' title='bbox 2032 2565 2106 2614; x_wconf 91' lang='lat' dir='ltr'>sed</span> <span class='ocrx_word' id='word_1_420' title='bbox 2145 2580 2225 2628; x_wconf 86' lang='lat' dir='ltr'>per</span> 
     </span>
     <span class='ocr_line' id='line_1_37' title="bbox 244 2633 2222 2705; baseline -0.003 -23"><span class='ocrx_word' id='word_1_421' title='bbox 244 2637 363 2685; x_wconf 88' lang='lat' dir='ltr'>ideas</span> <span class='ocrx_word' id='word_1_422' title='bbox 397 2653 504 2699; x_wconf 84' lang='lat' dir='ltr'>quae</span> <span class='ocrx_word' id='word_1_423' title='bbox 538 2636 580 2684; x_wconf 87' lang='lat' dir='ltr'>se</span> <span class='ocrx_word' id='word_1_424' title='bbox 605 2654 685 2700; x_wconf 87' lang='lat' dir='ltr'>per</span> <span class='ocrx_word' id='word_1_425' title='bbox 718 2638 925 2685; x_wconf 84' lang='lat' dir='ltr'>interiora</span> <span class='ocrx_word' id='word_1_426' title='bbox 958 2653 1058 2685; x_wconf 88' lang='lat' dir='ltr'>mea</span> <span class='ocrx_word' id='word_1_427' title='bbox 1093 2637 1392 2699; x_wconf 79' lang='lat' dir='ltr'>undequaque</span> <span class='ocrx_word' id='word_1_428' title='bbox 1426 2633 1738 2683; x_wconf 85' lang='lat' dir='ltr'>diffundebant</span> <span class='ocrx_word' id='word_1_429' title='bbox 1759 2654 1777 2688; x_wconf 86' lang='lat'>;</span> <span class='ocrx_word' id='word_1_430' title='bbox 1823 2633 1870 2680; x_wconf 85' lang='lat'>&amp;</span> <span class='ocrx_word' id='word_1_431' title='bbox 1902 2633 2006 2680; x_wconf 91' lang='lat' dir='ltr'>inde</span> <span class='ocrx_word' id='word_1_432' title='bbox 2041 2644 2222 2705; x_wconf 83' lang='lat' dir='ltr'>quoque</span> 
     </span>
     <span class='ocr_line' id='line_1_38' title="bbox 226 2696 2223 2762; baseline -0.003 -14"><span class='ocrx_word' id='word_1_433' title='bbox 226 2701 467 2750; x_wconf 64' lang='lat' dir='ltr'>‚influxum</span> <span class='ocrx_word' id='word_1_434' title='bbox 501 2704 719 2751; x_wconf 87' lang='lat' dir='ltr'>habebant</span> <span class='ocrx_word' id='word_1_435' title='bbox 743 2704 788 2750; x_wconf 89' lang='lat' dir='ltr'>in</span> <span class='ocrx_word' id='word_1_436' title='bbox 810 2702 987 2762; x_wconf 87' lang='lat' dir='ltr'>faciem,</span> <span class='ocrx_word' id='word_1_437' title='bbox 1025 2703 1084 2751; x_wconf 76' lang='lat' dir='ltr'>sic</span> <span class='ocrx_word' id='word_1_438' title='bbox 1104 2716 1160 2751; x_wconf 37' lang='lat' dir='ltr'>‘ut</span> <span class='ocrx_word' id='word_1_439' title='bbox 1183 2699 1313 2749; x_wconf 86' lang='lat' dir='ltr'>facies</span> <span class='ocrx_word' id='word_1_440' title='bbox 1347 2700 1402 2747; x_wconf 89' lang='lat' dir='ltr'>ad</span> <span class='ocrx_word' id='word_1_441' title='bbox 1433 2699 1604 2762; x_wconf 76' lang='lat' dir='ltr'>lingula</span> <span class='ocrx_word' id='word_1_442' title='bbox 1638 2710 1936 2756; x_wconf 87' lang='lat' dir='ltr'>concurreret,</span> <span class='ocrx_word' id='word_1_443' title='bbox 1969 2696 2223 2761; x_wconf 79' lang='lat' dir='ltr'>incipiendo</span> 
     </span>
     <span class='ocr_line' id='line_1_39' title="bbox 234 2763 2224 2833; baseline -0.002 -19"><span class='ocrx_word' id='word_1_444' title='bbox 234 2783 269 2813; x_wconf 85' lang='lat' dir='ltr'>.a</span> <span class='ocrx_word' id='word_1_445' title='bbox 306 2769 447 2826; x_wconf 88' lang='lat' dir='ltr'>labiis,</span> <span class='ocrx_word' id='word_1_446' title='bbox 483 2771 533 2816; x_wconf 75' lang='grc' dir='ltr'>δε</span> <span class='ocrx_word' id='word_1_447' title='bbox 555 2770 787 2833; x_wconf 88' lang='lat' dir='ltr'>pergendo</span> <span class='ocrx_word' id='word_1_448' title='bbox 811 2769 958 2818; x_wconf 87' lang='lat' dir='ltr'>versus</span> <span class='ocrx_word' id='word_1_449' title='bbox 996 2766 1401 2818; x_wconf 83' lang='lat' dir='ltr'>circumferentiam</span> <span class='ocrx_word' id='word_1_450' title='bbox 1434 2766 1763 2828; x_wconf 84' lang='lat' dir='ltr'>undequaque:</span> <span class='ocrx_word' id='word_1_451' title='bbox 1799 2765 1941 2821; x_wconf 87' lang='lat' dir='ltr'>.ideae,</span> <span class='ocrx_word' id='word_1_452' title='bbox 1976 2779 2082 2827; x_wconf 82' lang='lat' dir='ltr'>quae</span> <span class='ocrx_word' id='word_1_453' title='bbox 2122 2763 2224 2809; x_wconf 75' lang='lat' dir='ltr'>loeo</span> 
     </span>
     <span class='ocr_line' id='line_1_40' title="bbox 232 2831 2224 2899; baseline -0.003 -21"><span class='ocrx_word' id='word_1_454' title='bbox 232 2845 419 2880; x_wconf 79' lang='lat' dir='ltr'>¹vocum</span> <span class='ocrx_word' id='word_1_455' title='bbox 442 2849 582 2892; x_wconf 88' lang='lat' dir='ltr'>erant,</span> <span class='ocrx_word' id='word_1_456' title='bbox 607 2836 808 2883; x_wconf 83' lang='lat' dir='ltr'>discretae</span> <span class='ocrx_word' id='word_1_457' title='bbox 831 2849 970 2892; x_wconf 88' lang='lat' dir='ltr'>erant,</span> <span class='ocrx_word' id='word_1_458' title='bbox 1001 2835 1076 2883; x_wconf 92' lang='lat' dir='ltr'>sed</span> <span class='ocrx_word' id='word_1_459' title='bbox 1094 2850 1355 2899; x_wconf 82' lang='lat' dir='ltr'>perparum.</span> <span class='ocrx_word' id='word_1_460' title='bbox 1427 2831 1582 2885; x_wconf 87' lang='lat' dir='ltr'>Postea</span> <span class='ocrx_word' id='word_1_461' title='bbox 1620 2831 1922 2895; x_wconf 71' lang='lat' dir='ltr'>loquebantur,</span> <span class='ocrx_word' id='word_1_462' title='bbox 1938 2844 2120 2880; x_wconf 78' lang='lat' dir='ltr'>mecum</span> <span class='ocrx_word' id='word_1_463' title='bbox 2142 2841 2224 2889; x_wconf 87' lang='lat' dir='ltr'>per</span> 
     </span>
     <span class='ocr_line' id='line_1_41' title="bbox 233 2895 2220 2961; baseline -0.004 -15"><span class='ocrx_word' id='word_1_464' title='bbox 233 2897 362 2946; x_wconf 78' lang='lat' dir='ltr'>jdeas</span> <span class='ocrx_word' id='word_1_465' title='bbox 401 2899 546 2946; x_wconf 87' lang='lat' dir='ltr'>adhuc</span> <span class='ocrx_word' id='word_1_466' title='bbox 586 2903 737 2948; x_wconf 86' lang='lat' dir='ltr'>minus</span> <span class='ocrx_word' id='word_1_467' title='bbox 775 2902 998 2957; x_wconf 90' lang='lat' dir='ltr'>discretas,</span> <span class='ocrx_word' id='word_1_468' title='bbox 1040 2903 1151 2952; x_wconf 91' lang='lat' dir='ltr'>adeo</span> <span class='ocrx_word' id='word_1_469' title='bbox 1192 2914 1244 2947; x_wconf 89' lang='lat' dir='ltr'>ut</span> <span class='ocrx_word' id='word_1_470' title='bbox 1273 2901 1353 2946; x_wconf 89' lang='lat' dir='ltr'>vix</span> <span class='ocrx_word' id='word_1_471' title='bbox 1384 2898 1554 2961; x_wconf 87' lang='lat' dir='ltr'>aliquid</span> <span class='ocrx_word' id='word_1_472' title='bbox 1591 2897 1863 2945; x_wconf 82' lang='lat' dir='ltr'>interstitiale</span> <span class='ocrx_word' id='word_1_473' title='bbox 1896 2895 2220 2959; x_wconf 87' lang='lat' dir='ltr'>percipiretur;</span> 
     </span>
     <span class='ocr_line' id='line_1_42' title="bbox 233 2955 2221 3029; baseline -0.005 -19"><span class='ocrx_word' id='word_1_474' title='bbox 233 2974 336 3010; x_wconf 73' lang='lat' dir='ltr'>‚erat</span> <span class='ocrx_word' id='word_1_475' title='bbox 359 2964 404 3007; x_wconf 89' lang='lat' dir='ltr'>in</span> <span class='ocrx_word' id='word_1_476' title='bbox 429 2980 526 3009; x_wconf 88' lang='lat' dir='ltr'>mea</span> <span class='ocrx_word' id='word_1_477' title='bbox 548 2969 829 3029; x_wconf 83' lang='lat' dir='ltr'>perceptione</span> <span class='ocrx_word' id='word_1_478' title='bbox 850 2968 963 3016; x_wconf 80' lang='lat' dir='ltr'>sicut</span> <span class='ocrx_word' id='word_1_479' title='bbox 985 2967 1128 3022; x_wconf 67' lang='lat' dir='ltr'>sensus</span> <span class='ocrx_word' id='word_1_480' title='bbox 1151 2981 1321 3019; x_wconf 81' lang='lat' dir='ltr'>vocum</span> <span class='ocrx_word' id='word_1_481' title='bbox 1360 2964 1484 3028; x_wconf 90' lang='lat' dir='ltr'>apud</span> <span class='ocrx_word' id='word_1_482' title='bbox 1522 2963 1620 3010; x_wconf 92' lang='lat' dir='ltr'>illos</span> <span class='ocrx_word' id='word_1_483' title='bbox 1659 2964 1740 3025; x_wconf 87' lang='lat' dir='ltr'>qui</span> <span class='ocrx_word' id='word_1_484' title='bbox 1778 2963 1920 3010; x_wconf 90' lang='lat' dir='ltr'>solum</span> <span class='ocrx_word' id='word_1_485' title='bbox 1954 2959 2009 3005; x_wconf 89' lang='lat' dir='ltr'>ad</span> <span class='ocrx_word' id='word_1_486' title='bbox 2049 2955 2221 3004; x_wconf 82' lang='lat' dir='ltr'>sensum</span> 
     </span>
     <span class='ocr_line' id='line_1_43' title="bbox 232 3024 2221 3094; baseline -0.004 -19"><span class='ocrx_word' id='word_1_487' title='bbox 232 3026 454 3076; x_wconf 68' lang='lat' dir='ltr'>„abstracte</span> <span class='ocrx_word' id='word_1_488' title='bbox 476 3043 501 3073; x_wconf 90' lang='lat' dir='ltr'>a</span> <span class='ocrx_word' id='word_1_489' title='bbox 522 3030 709 3076; x_wconf 83' lang='lat' dir='ltr'>vocibus</span> <span class='ocrx_word' id='word_1_490' title='bbox 733 3035 999 3088; x_wconf 84' lang='lat' dir='ltr'>attendunt;</span> <span class='ocrx_word' id='word_1_491' title='bbox 1047 3034 1144 3080; x_wconf 85' lang='lat' dir='ltr'>haec</span> <span class='ocrx_word' id='word_1_492' title='bbox 1163 3032 1346 3094; x_wconf 88' lang='lat' dir='ltr'>loquela</span> <span class='ocrx_word' id='word_1_493' title='bbox 1370 3029 1481 3077; x_wconf 84' lang='lat' dir='ltr'>mihi</span> <span class='ocrx_word' id='word_1_494' title='bbox 1507 3028 1827 3091; x_wconf 88' lang='lat' dir='ltr'>intelligibilior</span> <span class='ocrx_word' id='word_1_495' title='bbox 1859 3025 1995 3089; x_wconf 87' lang='lat' dir='ltr'>priori</span> <span class='ocrx_word' id='word_1_496' title='bbox 2029 3034 2136 3078; x_wconf 88' lang='lat' dir='ltr'>erat,</span> <span class='ocrx_word' id='word_1_497' title='bbox 2168 3024 2221 3068; x_wconf 74' lang='grc' dir='ltr'>δε</span> 
     </span>
     <span class='ocr_line' id='line_1_44' title="bbox 235 3089 2225 3163; baseline -0.004 -24"><span class='ocrx_word' id='word_1_498' title='bbox 235 3108 428 3156; x_wconf 81' lang='lat' dir='ltr'>,quoque</span> <span class='ocrx_word' id='word_1_499' title='bbox 451 3104 543 3139; x_wconf 92' lang='lat' dir='ltr'>erat</span> <span class='ocrx_word' id='word_1_500' title='bbox 566 3094 764 3155; x_wconf 86' lang='lat' dir='ltr'>plenior:</span> <span class='ocrx_word' id='word_1_501' title='bbox 808 3100 1019 3145; x_wconf 78' lang='lat' dir='ltr'>influebat</span> <span class='ocrx_word' id='word_1_502' title='bbox 1043 3099 1245 3145; x_wconf 78' lang='lat' dir='ltr'>similiter</span> <span class='ocrx_word' id='word_1_503' title='bbox 1268 3112 1319 3141; x_wconf 89' lang='lat' dir='ltr'>ac</span> <span class='ocrx_word' id='word_1_504' title='bbox 1344 3098 1466 3158; x_wconf 89' lang='lat' dir='ltr'>prior</span> <span class='ocrx_word' id='word_1_505' title='bbox 1499 3097 1544 3142; x_wconf 91' lang='lat' dir='ltr'>in</span> <span class='ocrx_word' id='word_1_506' title='bbox 1579 3093 1770 3147; x_wconf 70' lang='lat' dir='ltr'>faciem,</span> <span class='ocrx_word' id='word_1_507' title='bbox 1811 3090 1898 3163; x_wconf 40' lang='lat' dir='ltr'>sed.</span> <span class='ocrx_word' id='word_1_508' title='bbox 1916 3089 2108 3162; x_wconf 52' lang='lat' dir='ltr'>influxu}</span> <span class='ocrx_word' id='word_1_509' title='bbox 2133 3099 2225 3134; x_wconf 86' lang='lat' dir='ltr'>erat</span> 
     </span>
     <span class='ocr_line' id='line_1_45' title="bbox 224 3158 2226 3265; baseline -0.004 -57"><span class='ocrx_word' id='word_1_510' title='bbox 224 3159 490 3209; x_wconf 48' lang='lat' dir='ltr'>,secundum</span> <span class='ocrx_word' id='word_1_511' title='bbox 515 3159 644 3222; x_wconf 86' lang='lat' dir='ltr'>quale</span> <span class='ocrx_word' id='word_1_512' title='bbox 683 3158 877 3222; x_wconf 74' lang='lat' dir='ltr'>loquelae</span> <span class='ocrx_word' id='word_1_513' title='bbox 918 3165 1062 3225; x_wconf 69' lang='lat' dir='ltr'>magis</span> <span class='ocrx_word' id='word_1_514' title='bbox 1102 3163 1379 3217; x_wconf 76' lang='lat' dir='ltr'>continuus3</span> <span class='ocrx_word' id='word_1_515' title='bbox 1418 3175 1584 3212; x_wconf 21' lang='lat' dir='ltr'>*verum</span> <span class='ocrx_word' id='word_1_516' title='bbox 1607 3174 1717 3211; x_wconf 29' lang='lat' dir='ltr'>&lt;non</span> <span class='ocrx_word' id='word_1_517' title='bbox 1756 3159 1921 3218; x_wconf 73' lang='lat' dir='ltr'>incepit</span> <span class='ocrx_word' id='word_1_518' title='bbox 1950 3166 2010 3205; x_wconf 13' lang='lat' dir='ltr'>rut</span> <span class='ocrx_word' id='word_1_519' title='bbox 2041 3169 2178 3265; x_wconf 49' lang='lat' dir='ltr'>Piffg..</span> <span class='ocrx_word' id='word_1_520' title='bbox 2198 3169 2226 3201; x_wconf 88' lang='lat' dir='ltr'>a</span> 
     </span>
     <span class='ocr_line' id='line_1_46' title="bbox 905 3233 2225 3288; baseline -0.003 -18"><span class='ocrx_word' id='word_1_521' title='bbox 905 3242 931 3288; x_wconf 86' lang='lat'>3</span> <span class='ocrx_word' id='word_1_522' title='bbox 2098 3235 2120 3271; x_wconf 72' lang='lat' dir='ltr'>a</span> <span class='ocrx_word' id='word_1_523' title='bbox 2153 3233 2225 3277; x_wconf 71' lang='lat'>11⁵,</span> 
     </span>
    </p>
   </div>
  </div>
 </body>
</html>
