2502 3432
285 192 366 255 28
605 191 748 254 DE
826 183 1316 253 ULTlMo
1395 189 1932 280 Jumcm

281 333 309 363 n
337 335 347 362 τ
376 315 516 381 6632.
544 317 684 379 7262.
754 317 898 378 Quod
925 315 1138 366 nesciatur
1159 316 1295 366 hodie
1317 317 1428 380 quid
1455 317 1672 376 Charitas,
1711 335 1769 367 n:
1793 335 1934 385 2417.
1956 325 2099 386 3398.
2116 326 2264 388 4776.

281 383 422 445 6632.
493 383 637 446 Qiod
662 382 799 446 usque
823 383 964 432 homo
985 399 1042 432 ex
1065 383 1235 431 lumine
1263 384 1444 430 rationis
1467 382 1558 432 suae
1581 384 1687 432 scire
1710 387 1858 450 poffit,
1893 388 2021 450 quod
2042 391 2194 437 Amor
2215 391 2267 440 δε

282 447 488 496 Charitas
517 447 679 496 faciant
709 449 959 506 hominem,
996 465 1058 496 n:
1087 462 1230 513 3957.
1257 449 1401 512 6273.
1470 450 1599 497 Tum
1637 452 1766 514 quod
1799 453 1982 500 Bonum
2021 453 2070 501 &
2090 454 2267 503 Verum

281 514 572 571 concordent,
607 530 657 562 ac
680 530 824 562 unum
849 515 900 563 s1t
922 516 1115 572 alterius,
1152 516 1210 561 ita
1233 513 1435 561 Charitas
1459 515 1508 561 δε
1530 515 1682 573 Fides,
1717 533 1748 564 11
1771 535 1783 566 :
1810 520 1953 583 7627.

349 580 495 642 Qod
540 581 768 628 Dominus
809 583 854 628 in
895 581 1103 645 supremo
1143 579 1263 627 sensu
1305 579 1357 626 fit
1392 580 1651 638 Proximus,
1685 583 1790 646 quia
1828 584 1908 632 Ille
1949 584 2078 649 super
2115 586 2269 634 omnia

281 647 501 693 amandus
535 645 632 701 est,
667 647 772 694 inde
808 647 934 709 quod
974 663 1109 694 omne
1146 645 1192 692 id
1227 646 1469 693 Proximus
1503 645 1572 702 fit,
1607 649 1732 710 quod
1768 648 1824 696 ab
1860 648 1962 712 Ipso
1995 650 2058 698 est
2090 652 2135 698 in
2170 668 2267 714 quo

283 708 395 773 Ipse,
433 712 493 759 ita
515 712 696 759 Bonum
720 714 769 760 δε
793 713 986 771 Verum,
1023 729 1083 760 n:
1114 727 1256 774 2425.
1280 727 1421 776 3419.
1449 712 1593 775 6706.
1613 715 1756 776 6819.
1777 716 1920 778 6823.
1944 719 2084 773 8124.
2122 718 2269 782 Qod

281 777 520 824 discrimen
545 778 750 825 Proximi
788 778 841 824 fit
880 777 1127 824 secundum
1163 777 1293 840 quale
1327 778 1458 834 Boni,
1494 779 1553 824 ita
1587 777 1832 825 secundum
1865 780 2144 842 praesentiam
2171 784 2268 842 Dof

282 844 412 900 mini,
450 860 478 889 n
505 860 514 889 :
543 842 685 908 6707.
713 843 856 904 6708.
893 844 1038 908 6709.
1063 844 1208 907 6710.
1279 843 1422 907 Qod
1447 843 1596 890 omnis
1619 843 1778 900 homo,
1812 844 1861 892 δι
1886 847 2034 894 omnis
2057 847 2269 906 Societas,

282 919 384 954 tum
419 908 565 955 Patria
604 910 653 956 &
691 908 904 965 Ecclesia,
941 925 991 956 ac
1024 910 1069 956 in
1106 909 1335 956 universali
1369 909 1489 956 sensu
1514 910 1734 973 Regnum
1757 911 1966 968 Domini,
2002 912 2086 960 fint
2110 914 2274 961 Proxi-

283 989 402 1030 mus,
440 975 487 1021 &
513 975 639 1037 quod
676 974 760 1021 illis
795 973 1048 1023 benefacere
1080 989 1136 1022 ex
1172 990 1323 1022 amore
1350 974 1455 1022 boni
1480 974 1724 1023 secundum
1749 976 1879 1038 quale
1903 976 2038 1026 status
2064 978 2266 1037 illorum,

281 1039 333 1086 s1t
364 1056 509 1087 amare
538 1042 820 1103 proximum,
856 1043 917 1088 ita
938 1042 1176 1105 proximus
1198 1041 1260 1087 est
1285 1041 1454 1088 bonurn
1480 1041 1679 1107 illorum,
1705 1040 1787 1090 ‘cui
1825 1042 2148 1092 consulendum
2187 1046 2268 1102 est,

280 1121 345 1152 n:
375 1108 500 1155 6818
527 1106 582 1153 ad
609 1108 751 1165 6824.
779 1108 920 1170 8123.
991 1107 1137 1166 Quod
1171 1107 1304 1153 etiam
1345 1108 1526 1153 Bonum
1563 1108 1711 1154 Civile
1742 1108 1868 1170 quod
1902 1108 1964 1155 est
1988 1107 2182 1171 justum,
2217 1111 2269 1158 ὅτ

281 1171 455 1219 bonum
493 1173 660 1219 morale
698 1172 823 1236 quod
860 1172 924 1219 est
957 1174 1138 1220 Bonum
1175 1174 1285 1219 vitae
1320 1173 1365 1218 in
1402 1172 1624 1229 societate,
1658 1172 1712 1220 fit
1735 1174 1996 1229 Proximus,
2033 1191 2095 1221 n:
2123 1192 2266 1239 2915.

278 1253 426 1300 4730.
456 1243 598 1287 8120.
636 1241 775 1288 8121.
818 1241 957 1287 8122.
1029 1239 1175 1301 Qod
1199 1253 1343 1285 amare
1368 1238 1631 1301 proximum
1657 1254 1749 1285 non
1773 1238 1826 1285 sit
1847 1255 1994 1286 amare
2018 1239 2266 1302 personam,

277 1301 354 1350 sed
389 1303 436 1350 id
476 1304 603 1369 quod
641 1305 704 1351 est
743 1305 866 1367 apud
902 1305 1033 1351 illum
1070 1320 1127 1350 ex
1165 1319 1260 1366 quo
1299 1303 1390 1358 ille,
1426 1304 1487 1349 ita
1525 1303 1698 1350 bonum
1739 1303 1788 1350 δε
1813 1320 1991 1360 verum,
2030 1322 2094 1352 n:
2121 1321 2268 1369 5025.

282 1371 454 1432 10336.
528 1371 629 1432 Qi
668 1381 821 1416 amant
861 1369 1112 1432 personam,
1149 1371 1198 1416 &
1233 1383 1322 1414 non
1362 1367 1488 1429 quod
1527 1367 1589 1415 est
1630 1368 1751 1431 apud
1787 1368 1918 1415 illum
1953 1385 2009 1416 ex
2045 1386 2139 1433 quo
2176 1373 2267 1429 ille,

274 1435 400 1496 quod
424 1448 576 1482 ament
600 1451 729 1498 aeque
755 1434 926 1481 malum
952 1451 1001 1481 ac
1037 1435 1231 1486 bonum,
1267 1449 1327 1479 n:
1357 1438 1499 1494 3820.
1567 1433 1632 1480 Et
1667 1434 1793 1495 quod
1831 1432 2104 1483 benefaciant
2135 1452 2268 1501 aeque

275 1500 406 1547 malis
433 1516 483 1548 ac
517 1500 662 1557 bonis,
698 1515 806 1547 cum
843 1512 995 1547 tamen
1025 1497 1276 1547 benefacere
1312 1499 1440 1545 malis
1472 1496 1536 1545 est
1569 1498 1823 1547 malefacere
1847 1499 1991 1556 bonis,
2025 1503 2150 1565 quod
2174 1520 2266 1551 non

273 1565 339 1613 est
378 1582 525 1614 amare
564 1566 845 1630 proximum,
882 1583 950 1613 n:
978 1567 1120 1628 3820.
1162 1566 1303 1627 6703.
1344 1567 1486 1613 8120.
1556 1564 1711 1624 Judex
1749 1566 1829 1627 qui
1865 1567 1995 1631 punit
2035 1568 2174 1616 malos
2214 1582 2267 1619 ut

273 1632 589 1688 emendentur,
622 1635 668 1680 &
696 1648 750 1679 ne
773 1633 1139 1679 contaminentur
1161 1630 1217 1676 ab
1240 1631 1324 1675 illis
1357 1630 1481 1684 boni,
1519 1630 1553 1675 is
1577 1632 1841 1691 proximum
1864 1644 2000 1687 amat,
2036 1649 2065 1678 n
2086 1651 2098 1681 :
2119 1639 2262 1696 3820.

276 1697 420 1747 8120.
448 1703 589 1748 8121.

342 1763 487 1824 Quod
510 1778 656 1810 amare
678 1764 941 1825 proximum
977 1761 1030 1808 fit
1063 1758 1202 1808 facere
1224 1760 1414 1818 bonum,
1451 1760 1616 1822 justum
1641 1761 1692 1810 &
1715 1762 1887 1810 reftum
1912 1762 1958 1809 in
1982 1764 2108 1811 omni
2130 1781 2264 1828 opere

270 1828 323 1878 &
359 1830 404 1876 in
446 1830 574 1876 omni
613 1827 858 1885 functione,
909 1845 936 1875 n
965 1846 975 1875 :
1005 1831 1147 1877 8120.
1186 1831 1325 1876 8121.
1365 1833 1505 1876 8122.
1575 1828 1705 1885 Inde,
1751 1829 1877 1891 quod
1918 1829 2119 1878 Charitas
2158 1847 2264 1894 erga

271 1895 536 1958 proximum
571 1895 613 1941 fe
642 1898 854 1942 extendat
885 1896 938 1941 ad
975 1895 1129 1940 omnia
1152 1894 1200 1940 δε
1225 1893 1394 1955 singula
1426 1909 1532 1955 quae
1557 1893 1698 1940 homo
1721 1894 1905 1955 cogitat,
1942 1895 2051 1941 vult
2067 1897 2116 1942 &
2139 1894 2262 1954 facit,

272 1977 303 2008 n
330 1959 343 2008 ὲ
369 1965 511 2020 8124.
582 1959 728 2023 Qod
770 1958 912 2006 facere
952 1959 1125 2007 bonum
1161 1959 1210 2005 &
1247 1974 1407 2005 verum
1450 1970 1633 2021 propter
1679 1958 1852 2005 bonum
1893 1958 1942 2005 &
1981 1975 2170 2018 verum,
2208 1963 2263 2011 fit

272 2042 419 2074 amare
458 2027 742 2090 proximum,
792 2043 818 2072 n
846 2044 857 2072 ε
890 2042 1061 2084 10310.
1106 2026 1277 2085 10336.
1347 2024 1492 2086 Qod
1533 2025 1595 2070 illi
1634 2025 1714 2087 qui
1755 2024 1840 2070 hoc
1877 2022 2062 2081 faciunt,
2111 2040 2263 2075 ament

270 2092 550 2150 Dominum,
583 2093 664 2156 qui
689 2094 734 2138 in
759 2091 968 2155 supremo
998 2090 1120 2137 sensu
1143 2088 1206 2135 est
1231 2090 1490 2144 Proximus,
1527 2105 1556 2135 n
1577 2108 1596 2136 :v
1617 2105 1760 2151 9212.
1832 2089 1977 2143 Quod
2000 2093 2094 2136 vita
2118 2092 2260 2139 chari·

270 2160 373 2206 tatis
411 2158 465 2205 fit
502 2160 596 2206 vita
636 2157 881 2204 secundum
921 2168 1146 2220 praecepta
1172 2154 1376 2209 Domini,
1412 2155 1471 2201 ita
1491 2155 1625 2217 quod·
1639 2155 1790 2200 vivere
1824 2154 2069 2201 secundum
2093 2157 2262 2206 Divina

271 2225 406 2282 Vera,
438 2224 491 2271 fit
512 2240 660 2272 amare
683 2225 959 2278 Dominum,
998 2239 1025 2269 n
1054 2240 1066 2269 τ
1095 2237 1271 2284 10143.
1296 2235 1466 2283 10153.
1494 2235 1666 2282 10310.
1694 2224 1865 2283 10578.
1892 2222 2062 2280 10648.

338 2290 485 2349 Quod
520 2291 714 2354 genuina
737 2289 940 2337 Charitas
981 2304 1072 2335 non
1110 2287 1161 2333 fit
1202 2287 1440 2341 meritoria,
1478 2302 1543 2333 n:
1573 2302 1716 2348 2340.
1755 2301 1897 2349 2373.
1937 2302 2079 2346 2400.
2117 2290 2259 2354 3887.

272 2358 398 2421 6388
426 2356 482 2403 ad
507 2362 650 2421 6393.
724 2356 848 2414 Quia
886 2355 950 2402 est
987 2369 1044 2401 ex
1081 2353 1313 2400 affectione
1351 2353 1538 2408 interna,
1574 2352 1634 2398 ita
1655 2367 1711 2397 ex
1725 2348 1934 2413 jucundo
1966 2351 2156 2400 faciendi
2180 2354 2260 2403 bo-

269 2438 401 2479 num,
437 2439 468 2469 n
495 2438 509 2468 t
537 2437 679 2486 2373.
708 2437 852 2483 2400.
881 2423 1024 2483 3887.
1051 2419 1194 2482 6388.
1223 2417 1364 2480 6393.
1436 2418 1540 2476 Qui
1568 2416 1710 2464 fidem
1749 2415 1944 2479 separant
1977 2434 2002 2464 a
2034 2418 2259 2478 charitate,

269 2488 395 2552 quod
422 2490 468 2535 in
490 2489 624 2535 altera
643 2487 738 2533 vita
761 2485 892 2533 faciat
916 2485 1075 2542 fidem,
1111 2485 1159 2531 &
1195 2482 1311 2531 bona
1345 2499 1479 2547 opera
1514 2498 1621 2547 quae
1662 2483 1708 2530 in
1746 2496 1927 2530 externa
1964 2482 2111 2532 forma
2144 2484 2262 2535 fece-

267 2567 390 2611 runt,
427 2555 665 2609 meritoria,
703 2567 763 2600 n:
793 2567 936 2616 2373.

335 2620 480 2684 Qod
503 2621 721 2669 Dostrina
747 2620 968 2682 Antiquae
990 2616 1202 2666 Ecclefiae
1241 2613 1373 2663 fuerit
1407 2615 1625 2663 Doctrina
1658 2615 1784 2672 vitae,
1819 2631 1925 2679 quae
1958 2616 2019 2664 est
2044 2618 2260 2667 Doctrina

268 2687 506 2743 charitatis,
543 2703 571 2733 n
598 2705 608 2734 :
636 2689 779 2748 2487·
807 2688 950 2749 2385-
991 2700 1133 2748 3419·
1176 2698 1319 2746 3420·
1359 2686 1504 2742 4844·
1548 2682 1690 2730 5528·
1763 2682 1909 2745 QOd
1934 2684 2145 2747 Antiqui,
2179 2684 2258 2747 qui

270 2753 325 2798 ab
355 2752 569 2809 Ecclesia,
605 2751 856 2814 redegerint
891 2752 1011 2799 bona
1045 2750 1264 2797 charitatis
1304 2749 1349 2795 in
1389 2749 1613 2804 ordinem,
1647 2748 1698 2795 ὅτ
1721 2747 2002 2796 distinxerint
2025 2753 2070 2797 in
2093 2749 2254 2805 clafles,

271 2818 321 2864 &
345 2817 526 2880 fingulis
551 2816 842 2881 imposuerint
865 2817 1067 2872 nomina,
1101 2817 1150 2863 ὅτ
1173 2814 1299 2879 quod
1334 2814 1420 2861 illis
1453 2814 1557 2861 inde
1594 2813 1813 2876 sapientia,
1850 2831 1880 2861 11
1905 2834 1917 2863 :
1947 2831 2032 2874 24¹
2045 2830 2087 2877 7.
2110 2813 2255 2877 6629.

273 2897 400 2946 7259
426 2884 483 2927 ad
506 2885 647 2943 7262.
719 2884 866 2946 Qod
894 2883 1105 2946 sapientia·
1135 2883 1182 2928 &
1215 2881 1507 2944 intelligentia
1541 2879 1735 2927 crescant
1759 2881 1803 2926 in
1828 2880 2097 2928 immensum
2122 2879 2166 2925 in
2192 2881 2255 2926 al-

269 2960 364 2994 tera
386 2948 475 2992 vita
498 2948 616 3008 apud
642 2948 756 3004 illos,
791 2952 871 3011 qui
895 2952 1038 2996 vitam
1064 2948 1284 2995 charitatis
1309 2947 1353 2993 in
1381 2946 1557 2996 mundo
1580 2947 1807 3001 vixerunt,
1844 2962 1872 2992 n
1900 2963 1910 2992 :
1943 2961 2079 3008 1941.
2107 2948 2167 3004 58
2175 2961 2253 3009 59.

269 3012 413 3073 Quod
437 3012 664 3058 Dominus
688 3029 793 3059 cum
820 3016 992 3061 Divino
1015 3015 1138 3061 Vero
1167 3014 1325 3060 influat
1358 3015 1403 3060 in
1428 3014 1716 3068 Charitatem,
1753 3011 1858 3074 quia
1880 3012 1924 3057 in
1948 3009 2084 3071 ipsam
2111 3010 2252 3059 vitam

267 3079 489 3134 hominis,
517 3093 546 3123 n
573 3095 583 3123 z
613 3077 753 3138 2363.
826 3079 971 3133 Quod
1014 3080 1155 3126 homo
1194 3079 1245 3125 fit
1283 3078 1394 3125 ficut
1434 3077 1605 3133 hortus,
1640 3093 1747 3124 cum
1771 3077 1892 3138 apud
1915 3075 2044 3121 illum
2067 3074 2255 3125 charitas

265 3146 316 3196 δι
338 3143 451 3193 fides
473 3140 731 3206 conjunctae
754 3141 871 3198 sunt,
908 3143 979 3190 sed
1016 3143 1126 3190 ficut
1168 3142 1394 3192 desertum
1434 3158 1540 3191 cum
1581 3157 1672 3192 non
1713 3140 1988 3203 conjunctae,
2019 3156 2049 3188 n
2075 3158 2086 3188 :
2114 3141 2254 3204 7626.

1066 3224 1085 3255 1
2105 3207 2251 3279 rol
